2272 3937
255 140 1533 276 „sATIRA‘DEc1MA‘sEXTA.
1680 189 1795 255 εει

51 286 244 349 ‘Vana
269 291 641 369 supervacui
663 289 875 364 dicens
919 290 1342 373 chirographa
1373 292 1559 375 ligni:
1601 333 1609 342 ·

56 370 534 449 Exspectandus
573 371 723 441 erit,
762 374 874 453 qui
900 371 1039 431 lites
1068 371 1366 446 inchoet,
1398 393 1600 433 annus

55 452 290 510 Totius
310 450 560 530 populi:
592 450 704 511 sed
729 466 884 511 tunc
919 448 1180 534 q‘uoque
1210 452 1379 513 mille
1415 452 1686 514 ferend-a

54 531 307 611 Taedia,
325 531 494 592 mille
518 552 712 593 morae
736 553 751 601 ς
781 533 967 592 toties
989 532 1276 593 subsellia
1314 534 1564 594 tantum

51 612 443 671 Sternuntur
468 635 482 681 ς
511 615 638 685 jam
658 610 941 672 facundo
961 628 1244 691 ponente
1276 612 1559 675 lacernas
1841 605 1926 685 45

52 690 325 751 Caeditio
344 737 358 761 ‚
387 707 453 751 et
472 692 679 752 Fusco
701 694 825 767 jam
853 694 1288 763 micturiente,
1313 696 1515 774 parati
1586 712 1613 720 ’“

51 771 464 853 Digredimur
481 818 495 841 ,
533 772 829 853 lentaque
858 772 984 833 fori
1008 794 1358 853 pugnamus
1381 773 1590 834 aren&-

52 855 171 914 Ast
193 851 341 922 illis,
369 872 530 934 quos
561 873 737 912 arma
765 849 989 933 tegunt
1009 891 1026 923 ν,
1067 869 1132 913 et
1167 851 1410 913 balteus
1443 854 1670 922 ambit,
1750 865 1761 870 ’

53 927 254 1011 Quod
280 931 581 1012 placitum
613 948 708 992 est
725 975 741 1003 ‚
769 932 886 992 illis
905 948 1238 1012 praestatur
1265 948 1510 1014 tempus
1535 931 1798 1016 agendi,

49 1012 197 1072 Nec
225 1034 324 1073 res
352 1015 642 1078 atteritur
679 1013 786 1074 lon
834 1034 873 1073 ο
900 1012 1255 1074 sufflamine
1291 1014 1431 1074 litis.
1837 1010 1922 1079 50

51 1092 212 1152 Solis
233 1095 541 1173 pr-aete'reii
574 1108 773 1153 testan
867 1091 1160 1152 militibus
1183 1096 1277 1169 jus
1774 1119 1792 1126 ·

47 1172 217 1231 Vivo
256 1188 434 1253 patre
468 1174 677 1234 datur:
711 1178 858 1233 nam
882 1195 1025 1256 quae
1045 1188 1192 1233 sunt
1215 1164 1637 1254 partaiabore

48 1252 295 1313 Militiae
318 1298 332 1323 ‚
376 1254 616 1332 placuit
655 1276 786 1314 non
812 1274 946 1313 esse
983 1255 1049 1312 in
1081 1273 1352 1333 corpore
1374 1258 1598 1315 census
1619 1299 1633 1325 ‚

47 1335 261 1393 Omne
292 1348 469 1393 tenet
491 1336 668 1408 cujus
711 1335 995 1412 regimen
1031 1347 1230 1411 pater.
1270 1336 1436 1415 Ergo
1473 1334 1798 1394 Coranum

44 1415 387 1497 Signorum
407 1414 706 1475 comitem
723 1457 739 1485 ‚
766 1426 1245 1495 castrorumque
1265 1429 1791 1489 oeramerentem,
1838 1409 1920 1472 55

45 1576 287 1640 accepit,
325 1590 592 1638 nummos,
639 1585 695 1639 et
722 1573 1149 1643 chirographum,
1175 1572 1318 1649 quod
1338 1571 1360 1622 i
1396 1574 1684 1630 siusmanu
1705 1590 1797 1641 ap-

41 1641 273 1706 positum
298 1638 384 1689 illi
407 1640 623 1689 ostendo
639 1673 654 1702 ,
674 1639 884 1705 ‘falsum
918 1656 1026 1688 esse
1057 1638 1270 1689 dictitat
1297 1657 1316 1704 ς
1347 1591 1462 1689 ἔως
1478 1672 1495 1703 ,
1532 1640 1755 1705 inquam
1776 1672 1792 1703 ,

46 1704 95 1753 si
125 1704 276 1770 apud
288 1704 487 1769 judices
542 1705 748 1771 ersequi
768 1703 938 1753 velim
954 1737 968 1765 ‚
997 1704 1411 1769 exspectandum
1433 1704 1534 1753 erit
1552 1704 1678 1753 dum
1698 1720 1794 1753 an-

49 1784 151 1819 nus
177 1770 378 1834 integer
411 1769 498 1827 ela
536 1780 689 1833 amr,
724 1769 850 1818 dum
885 1770 1037 1818 totius
1062 1769 1252 1836 populi
1285 1768 1478 1819 decisae
1499 1769 1611 1818 sint
1640 1768 1791 1831 liteS,

48 1848 174 1900 quoe
209 1845 335 1884 ante
370 1849 542 1883 meam
564 1831 776 1897 ficerint
809 1833 885 1883 ad
909 1831 1087 1897 sorum
1126 1834 1363 1883 delataes
1392 1834 1480 1883 ubi
1501 1836 1627 1883 νενὸ
1658 1846 1794 1883 meoe

47 1908 255 1974 tempus
276 1900 552 1948 advenerit
567 1933 583 1961 ,
603 1908 884 1949 sexcentas
909 1914 1075 1948 moras
1110 1915 1176 1946 ac
1198 1900 1372 1948 -taedia
1387 1898 1622 1965 perferte
1644 1914 1790 1964 opor·

46 1961 197 2014 tebit.
262 1964 427 2013 Modo
482 1963 740 2014 subselliis
804 1964 1151 2030 imponuntur
1223 1962 1496 2014 duntaxat
1540 1974 1737 2029 tapetes
1769 1982 1788 2013 .-

48 2028 206 2078 modo
237 2029 488 2077 Caeditius
512 2063 525 2090 ,
558 2028 808 2096 eloquens
837 2029 934 2078 ille
959 2039 1217 2094 patronus
1235 2063 1251 2092 ,
1286 2026 1502 2078 lacerna
1523 2027 1756 2092 depositd
1769 2059 1789 2086 ,

46 2110 106 2142 se
137 2091 215 2141 ad
247 2093 601 2157 perorandum
644 2094 876 2158 accingit
884 2111 907 2152 ,·
943 2093 1098 2142 modo
1136 2093 1335 2145 Fuscus
1367 2092 1443 2142 ad
1477 2092 1792 2142 mittendum

48 2157 236 2206 lotium
266 2157 496 2205 discedit
525 2174 542 2204 .-
573 2157 855 2207 aderamus
885 2158 1103 2223 parati,
1146 2156 1449 2205 abeundum
1473 2190 1489 2219 ,
1532 2172 1689 2205 causa
1732 2157 1792 2205 in.

46 2222 219 2272 alium
258 2220 400 2269 diem
418 2222 878 2287 procrastinanda.
903 2223 991 2270 Sic
1012 2237 1152 2270 more
1168 2220 1537 2286 *gladiatorum
1561 2220 1793 2284 segniter
1874 2236 1881 2245 ·

46 2286 420 2336 dimicantium
443 2319 457 2343 ‚
492 2285 634 2334 lente
670 2283 731 2334 lis
767 2287 1015 2334 inchoata
1049 2285 1386 2351 disceptatur.
1407 2284 1530 2332 Illis
1549 2287 1674 2332 vero
1695 2287 1791 2350 qui

49 2349 223 2400 balteo
241 2359 295 2398 et
313 2349 718 2415 armisffinsignes
730 2361 858 2399 sunt
867 2382 885 2409 ‚
908 2351 1274 2415 quodcumque
1288 2350 1614 2398 commodum
1626 2358 1702 2398 est
1713 2348 1805 2400 di<

46 2415 235 2464 cendoe
254 2430 429 2463 causae
448 2423 549 2463 tem
591 2430 648 2463 us
663 2448 679 2477 ,
703 2414 1034 2477 conceditur,
1060 2431 1160 2464 nec
1185 2430 1309 2463 suas
1329 2430 1449 2478 opes
1482 2412 1793 2478 dilapidant

48 2479 305 2529 damnosa
327 2478 500 2530 litium
520 2430 868 2529 :liutai-nitate
900 2495 965 2529 ac
994 2481 1153 2528 mord.
1183 2479 1305 2528 Huc
1325 2478 1468 2527 adde
1488 2511 1503 2541 ,
1529 2477 1672 2544 quod
1691 2476 1789 2527 soli

48 2543 242 2594 milites
277 2543 372 2591 hoc
398 2542 518 2607 jure
548 2543 819 2606 gaudent,
859 2554 919 2593 ut
948 2545 1161 2593 vivente
1194 2544 1369 2591 adhuc
1386 2552 1542 2609 patre
1563 2542 1790 2591 condere

43 2617 417 2659 testamentum
431 2607 631 2669 possint
640 2623 661 2664 ,·
681 2610 757 2656 sic
781 2607 923 2656 enim
955 2607 1155 2672 legibus
1184 2617 1395 2656 caumm
1418 2616 1524 2669 est,
1562 2614 1623 2654 :tt
1651 2605 1789 2655 bona

45 2673 366 2731 castrensia,
402 2678 458 2718 et
489 2685 519 2716 e
558 2670 783 2723 militum
800 2672 1075 2736 stipendiis
1097 2670 1337 2738 prosecta
1355 2704 1371 2732 ,
1405 2687 1512 2719 non
1533 2685 1805 2719 censean-¹

46 2747 133 2787 tur
165 2752 275 2786 esse
303 2750 428 2800 pars
456 2733 794 2798 patrimonii,
836 2751 1006 2800 neque
1048 2737 1106 2786 in
1153 2737 1216 2786 iis
1254 2735 1402 2783 bonis
1451 2743 1793 2783 numerentur·

44 2816 266 2868 quorum
302 2798 594 2848 dominium
614 2815 781 2863 penes
822 2799 1003 2850 militis
1030 2811 1243 2866 patrem
1280 2809 1375 2849 est.
1416 2800 1609 2874 Itaque
1634 2808 1793 2866 patet·

50 2866 247 2918 Coroni
259 2862 521 2931 stipendia
536 2860 793 2925 facientis
808 2873 863 2914 et
883 2864 1021 2915 inter
1037 2866 1189 2932 signa
1209 2864 1451 2930 degentis
1470 2897 1486 2928 ,
1503 2863 1589 2913 illi
1607 2878 1788 2930 quam-

107 3012 193 3074 4¹·
237 3008 432 3070 Vana,
456 3021 556 3062 etc.
582 3009 729 3077 Lege
754 3006 885 3058 Sati·
948 3005 1088 3058 levet
1108 3044 1123 3070 ,
1146 3007 1232 3058 vel
1256 3017 1314 3056 ut
1347 3018 1529 3074 togam
1553 3004 1788 3073 judicum

40 3090 160 3125 ram
183 3074 323 3122 XIII
337 3113 353 3136 ,
375 3091 426 3123 v.
460 3074 569 3141 ¹37·
947 3087 1043 3138 pro
1082 3073 1214 3124 riam
1233 3082 1420 3122 sumat.

1072 3152 1120 3188 0.
1178 3135 1514 3202 Sufflamine.
1558 3133 1787 3198 Impedi-

108 3202 194 3265 45,
232 3203 519 3254 Lacernas.
547 3199 655 3255 Vel
688 3210 748 3251 ut
781 3215 880 3250 ωε·
949 3211 1129 3250 mento
1148 3234 1163 3257 ‚
1199 3201 1440 3267 remora,
1475 3200 1585 3254 Sat.
1612 3199 1751 3256 V111
1761 3229 1790 3266 ,⁴

42 3278 159 3322 tum
194 3266 433 3338 deposita
473 3266 703 3343 graviori
736 3277 882 3322 veste
931 3274 1075 3318 nota
1104 3263 1215 3334 146.
