2272 3937
413 234 477 313 νῇ,
716 233 1043 315 VITA
1114 237 1779 306 JUVENALIS.

414 331 700 410 Epistolis
730 380 744 406 ‚
786 334 975 394 Libro
1007 337 1102 407 11,
1139 338 1416 419 Epistola
1448 362 1530 400 xi.
1580 343 1709 403 Sub
1738 340 1994 406 eodem
2034 347 2195 406 Tra

412 437 558 509 jano
595 439 978 516 conscriptas
1020 440 1247 500 merito·
1285 441 1514 501 dlxeris
1553 445 1950 518 secundam,
1991 468 2190 530 quar

418 550 543 592 tam
564 583 577 607 ,
613 552 850 597 sextam
867 578 887 617 7
907 552 1192 598 octavam
1212 581 1234 620 7
1249 555 1315 600 et
1336 542 1759 606 undecimam.
1780 545 1854 605 In
1882 547 2195 607 secunda

408 626 648 719 quippe
703 653 1025 720 etquarta
1083 655 1270 702 vocat
1312 643 1750 704 Domitianum
1798 645 2195 729 adulter-un

414 741 650 821 tragico
673 740 988 820 pollutum
1025 756 1273 822 stupr0‚
1321 742 1620 803 eumdem
1651 742 1920 804 Calvum
1958 747 2033 804 N
2037 767 2195 806 ero-

412 860 563 899 nem
582 840 892 920 appellat,
925 832 1280 907 Lamiarum
1309 864 1749 923 percussorem
1777 846 2195 907 cerdonibus

338 930 351 951 ³
414 940 807 1012 timendum,
847 957 967 1003 etc.
1018 945 1174 1024 Quis
1221 959 1432 1003 autern
1481 942 1616 1006 haec
1661 948 1947 1027 potuisse
1989 947 2195 1007 scribi

384 1038 780 1113 ,Domitiano
826 1043 964 1103 vivo‘
1015 1046 1243 1141 putet?
1313 1045 1516 1104 Porro
1554 1029 1781 1125 N'ervae
1820 1049 2195 1128 imperium

411 1139 659 1201 brevius
683 1141 804 1200 fuit
820 1187 834 1212 ,
864 1163 1054 1225 quam
1082 1140 1153 1205 ut
1177 1145 1356 1223 spatii
1385 1146 1529 1205 satis
1555 1145 1819 1221 haberet
1843 1151 1971 1207 Juv
1977 1147 2192 1211 enalis

405 1244 487 1306 ad
515 1238 916 1303 redeundum
938 1265 1016 1305 ex
1035 1242 1268 1317 Africa,
1288 1261 1352 1306 et
1369 1247 1513 1317 istas
1529 1244 1752 1306 Satiras
1770 1246 2190 1340 scribendas:

412 1351 499 1409 ita
521 1348 776 1428 scriptas
801 1347 1121 1426 oportuit,
1146 1336 1500 1429 imperante
1521 1348 1797 1426 Traiano
1820 1389 1841 1429 ⁷
1863 1350 1977 1430 qui
1998 1350 2182 1410 Ner-

410 1470 552 1510 vam
578 1449 862 1529 proxime
901 1450 1169 1528 excepit.
1515 1478 1552 1505 ι»

494 1553 566 1611 In
620 1566 794 1610 sexta
851 1551 1048 1609 Satira
1101 1550 1498 1627 mentionem
1548 1547 1700 1609 facit
1751 1569 2048 1615 vasorum
2095 1552 2170 1610 in

413 1651 637 1733 quibus
664 1634 869 1710 essent
892 1648 1090 1711 c‘aelati
1114 1644 1355 1709 vultus
1339 1651 1772 1730 imperatoriS,
1798 1671 1948 1741 cum
1975 1649 2164 1711 titulo

411 1764 475 1810 et
505 1746 933 1830 cognomento
962 1746 1213 1821 Dacici‚
1248 1763 1312 1808 et
1352 1750 1731 1815 Germanici.
1765 1751 1898 1808 At
1882 1771 1945 1807 ιιι
1977 1748 2159 1815 nullo

408 1866 627 1939 vetere
664 1865 1084 1911 monumento
1118 1893 1133 1918 .,
1143 1842 1292 1909 vel
1314 1870 1464 1929 nun
1479 1871 1582 1915 vno
1614 1896 1627 1920 ,
1681 1849 1859 1911 nullo
1889 1852 2154 1933 antiquo

334 1977 348 1993 1
408 1940 715 2031 scriptore
751 1948 1151 2011 Domitianus
1179 1945 1410 2031 legitur
1443 1949 1925 2032 cognominatus
1957 1948 2151 2012 fuisse

407 2056 708 2127 Βαοίῡιιε,
748 2067 822 2113 ut
850 2065 1114 2114 testatur
1143 2052 1271 2111 Jos.
1319 2048 1611 2144 Scaliger.
1639 2052 1991 2146 Traianum
2019 2052 2145 2112 Dio

408 2141 670 2233 scribit
713 2154 893 2214 victis
911 2145 1127 2226 Dacis,
1155 2137 1376 2222 Dncici
1392 2133 1766 2242 cognomen
1798 2152 2139 2238 accepisse.

407 2274 600 2344 quern
644 2255 832 2338 etiam
871 2251 1328 2322 Germanicum
1368 2233 1704 2363 appellant
1712 2252 2146 2332 inscriptiones

407 2356 685 2438 antiquae
703 2373 833 2413 ιιοιι
856 2372 1094 2433 paucae.
1140 2335 1471 2446 Denique
1454 2371 1520 2420 ιιι
1555 2349 1777 2409 eadem
1814 2350 2020 2412 Satira
2020 2343 2132 2410 Ju-

405 2443 641 2544 venetiis
683 2441 812 2516 non
855 2452 1123 2522 obscure
1152 2453 1359 2534 innuit
1387 2425 1856 2534 expeditionem
1890 2452 2131 2530 Traiani

404 2559 470 2616 in
501 2551 787 2618 Parthos
824 2553 888 2615 et
932 2554 1261 2622 Armenios
1273 2571 1403 2648 ,oac
1437 2550 1908 2628 memorabilem
1950 2567 2123 2613 terrae

404 2672 651 2718 motum
691 2676 820 2739 quo
853 2656 987 2716 tot'a
1017 2653 1221 2736 prope
1254 2651 1628 2722 Antiochia,
1684 2673 1816 2713 non
1843 2653 1979 2716 sine
1972 2673 2121 2739 gra·

403 2759 651 2820 vissimo
686 2757 876 2839 ipsius
900 2756 1154 2846 Traiani
1178 2733 1525 2835 periculo,
1560 2772 1864 2814 concussa
1885 2770 2007 2836 est,
2053 2768 2120 2813 ut

399 2880 532 2920 non
561 2857 876 2918 immerito
895 2855 1141 2939 Lipsius
1168 2841 1557 2917 existimavit.
1606 2852 1679 2912 In
1706 2851 1898 2914 Satira
1915 2869 2112 2916 octava

400 2960 481 3022 de
505 2959 712 3022 Mario
735 2960 947 3040 Prisco
973 2956 1289 3024 meminit,
1329 2974 1522 3036 quem
1546 2953 1661 3013 sub
1677 2956 1938 3032 Trajano
1964 2974 2105 3013 con-

402 3051 770 3148 demnatum
797 3055 1102 3118 diximus,
1125 3056 1411 3115 meminit
1445 3056 1634 3116 etiam
1662 3049 1940 3128 Praetoris
1959 3053 2106 3117 Celsi

400 3171 627 3246 quem,
699 3141 972 3240 Traiano
1032 3159 1419 3248 imperante,
1492 3139 1839 3219 Praetorem
1889 3154 2098 3219 factum

399 3262 595 3324 refert
629 3259 864 3330 Plinius
907 3261 1099 3339 Epist.
1139 3260 1211 3332 5,
1272 3251 1403 3319 Lib.
1435 3257 1547 3319 Vl.

1917 3399 1933 3423 l

864 3481 872 3487 '
916 3483 929 3526 ἱ
