2272 3937
445 207 826 271 sA‘rmA
888 205 1292 267 DECIMA
1359 203 1789 295 QmNTA.
1867 205 1980 267 321

238 307 321 368 Et
348 309 573 390 quibus
595 313 875 391 ipsorum
892 322 1186 387 poterant
1209 308 1536 390 ignoscere
1562 307 1783 365 Manes
2012 300 2130 362 106

239 388 533 469 Quorum
558 389 928 471 corporibus
955 386 1414 448 vescebantur?
1434 385 1666 446 Melius
1696 406 1813 445 nos

238 468 515 531 Zenonis
577 484 896 550 praecepta
960 484 1264 530 monent:
1331 487 1453 529 nec
1513 468 1684 527 enim
1728 467 1940 526 onmia
1966 504 1985 536 ,

274 563 280 567 ’
389 573 392 578 ’
559 550 867 632 quaedam
1456 575 1461 582 ·
1742 595 1745 600 .

235 625 363 688 Pro
385 629 509 689 vita
522 630 818 691 facienda
842 643 1042 709 putat.
1077 627 1204 690 Sed
1227 626 1544 689 Cantaber
1566 626 1742 688 unde

236 708 485 769 Stoicus
512 754 529 780 ,
552 711 792 792 antiqui
811 711 1154 787 praesertim
1175 722 1356 769 aetate
1377 707 1621 768 Metelli
1642 712 1668 770 ἓ

234 788 429 850 Nunc
508 805 688 929 ῐοὲιιὲ
766 790 1022 863 Graias,
1105 803 1477 871 nostrasque
1570 786 1764 850 habet
1818 784 1985 847 orbis
2016 786 2132 833 1²0

619 885 643 928 t
693 889 887 930 enas.·
2112 883 2117 888 ·

239 946 443 1008 Gallia
466 950 814 1010 causidicos
863 948 1085 1009 docuit
1107 947 1383 1009 facunda
1416 949 1747 1010 Britannos
1774 992 1792 1021 ‚

235 1023 341 1087 De
363 1030 790 1089 conducendo
815 1028 1100 1111 loquitur
1127 1032 1252 1105 jam
1271 1028 1529 1089 rhetore
1548 1028 1778 1088 Thule.

239 1107 482 1169 Nobilis
511 1110 615 1171 ille
640 1123 850 1187 tamen
879 1110 1184 1191 popuIUS,
1215 1129 1410 1191 quem
1434 1108 1737 1181 diximus;
1774 1125 1840 1171 et
1874 1129 1990 1191 par

237 1268 438 1320 animae
453 1302 472 1330 ,
492 1285 713 1337 quorum
737 1271 998 1330 cadavera
1033 1269 1408 1332 laniabantur,
1444 1270 1597 1320 credo
1632 1268 1742 1319 illis
1767 1272 1991 1320 veniam

236 1343 419 1399 sponte
455 1335 784 1384 annuissent.
824 1335 1096 1400 Equidem
1125 1336 1231 1383 scio
1249 1351 1343 1382 nos
1362 1332 1549 1383 melius
1582 1335 1847 1385 institutos
1875 1352 1990 1385 esse

239 1414 273 1446 a
294 1397 477 1447 Stoicis
482 1398 805 1464 philosophis
822 1433 839 1458 ,
860 1409 913 1447 et
932 1414 1109 1447 eorum
1129 1398 1370 1463 principe
1386 1400 1644 1457 Zenone,
1704 1399 1759 1447 ui
1781 1400 1988 1449 tametsi

240 1461 499 1511 concedat
504 1462 599 1525 fas
625 1478 738 1510 esse
752 1462 1000 1527 quaedam
1016 1478 1111 1532 pro
1131 1463 1251 1511 vita
1271 1462 1629 1513 conservanda
1642 1415 1827 1526 λιι-ωε
1844 1497 1859 1524 ,
1880 1478 1991 1511 non

244 1534 428 1575 tamen
470 1528 649 1575 omnia
684 1525 842 1576 licere
894 1526 1061 1579 docet.
1107 1526 1307 1577 Verum
1348 1527 1467 1592 quis
1509 1524 1663 1575 illam
1702 1526 1990 1575 Stoicorum

232 1589 628 1657 philosophiam
668 1608 720 1641 re
760 1592 901 1640 uitat
927 1608 962 1639 a
993 1590 1303 1653 Cantabris,
1320 1591 1614 1656 praesertim
1637 1592 1847 1657 antiqui
1868 1592 1993 1640 Me-

248 1652 370 1704 telli
408 1664 511 1705 tem
549 1655 676 1704 ore.²
768 1672 873 1706 unc
901 1656 1037 1705 orbis
1081 1665 1219 1707 totus
1296 1653 1458 1705 hiloso
1497 1654 1602 1712 Iziae
1642 1656 1849 1705 Groecae
1889 1671 1989 1719 pa-

245 1719 372 1768 riter
403 1729 457 1769 et
532 1732 744 1769 omanae
776 1735 952 1787 praece
990 1721 1053 1770 tis
1085 1721 1230 1769 abun
1271 1732 1345 1771 at.
1378 1720 1436 1769 E
1453 1721 1763 1785 oquentiam
1784 1736 1816 1767 α
1856 1719 1990 1767 Gal-

240 1783 305 1832 lis
344 1783 522 1849 Angli
548 1784 879 1850 didicerunt,
959 1785 1085 1834 liule
1113 1788 1227 1851 ipsa
1256 1786 1455 1850 cogitat
1492 1784 1763 1838 rhetoricoe
1792 1782 1992 1849 profes-

240 1864 376 1897 sores
424 1864 666 1906 evocare,
707 1860 762 1899 et
804 1857 943 1899 certo
1012 1851 1138 1899 retio
1172 1851 1453 1900 conductos
1491 1849 1640 1915 apud
1677 1865 1735 1897 se
1773 1847 1985 1901 habere.

249 1912 518 1963 Vascones
545 1916 735 1988 igitur,
775 1915 843 1963 de
864 1915 957 1989 qu'
992 1931 1053 1963 us
1092 1915 1245 1963 modo
1280 1914 1535 1981 agebam,
1579 1923 1633 1963 et
1667 1914 1988 1977 Saguntini,

242 1977 441 2029 simites
489 1977 600 2027 illis
629 1978 949 2042 fortitudine
988 1989 1042 2030 et
1074 1979 1347 2045 fidelitate
1393 1979 1471 2037 in,
1498 1980 1770 2028 Romanos
1798 2011 1814 2040 ,
1872 1978 1999 2028 licet

279 2158 284 2162 -
313 2121 422 2172 105.
458 2122 680 2173 Manes.
706 2118 1085 2187 Vide‘SatN,
1151 2110 1434 2175 admodum
1472 2132 1750 2190 antequam
1795 2123 1912 2172 haec
1963 2138 1997 2172 a

243 2195 372 2234 nota
402 2185 510 2236 152.
1149 2190 1185 2239 J
1192 2189 1408 2238 uvenale
1434 2187 1778 2238 scriberentur
1800 2186 1949 2236 annis
1974 2202 1991 2233 t

316 2266 427 2316 ¹07·
471 2251 735 2301 Zenonis.
774 2253 922 2301 Zeno
957 2251 1085 2301 Phi·
1147 2252 1272 2302 hinc
1305 2253 1572 2319 antiquum
1622 2251 1724 2301 hoc
1765 2251 1822 2299 in
1874 2249 1998 2298 loco

245 2313 497 2382 Iosophus
516 2314 709 2366 Stoicae
728 2327 885 2366 sectae
908 2316 1087 2371 condi·
1150 2315 1412 2430 agpellan
1452 2327 1541 2365 aut
1557 2314 1779 2365 fortasse¹
1790 2327 1850 2364 ut
1871 2330 1993 2364 eum

246 2389 359 2442 tor,
392 2397 595 2430 summo
628 2380 769 2447 apud
789 2380 1081 2431 Athenien·
1152 2398 1181 2430 a
1252 2380 1368 2431 aliis
1407 2378 1645 2430 Metellis
1694 2378 1996 2430 recentiori·

247 2459 330 2494 ses
349 2446 404 2493 in
426 2444 626 2494 honore
642 2444 869 2496 habitus.
1153 2446 1249 2494 bus
1269 2480 1285 2507 ‚
1321 2447 1412 2513 qui
1445 2444 1734 2495 floruerunt
1769 2455 1954 2512 postea
1978 2476 1998 2506 ,

318 2508 425 2556 108.
471 2510 751 2560 Cantaber.
794 2510 1087 2560 Cantabros
1155 2510 1463 2578 distinguat.

249 2568 339 2620 hic
359 2583 511 2621 vocat
527 2607 542 2632 ‚
563 2589 692 2646 quos
712 2585 864 2623 antea
879 2575 1084 2626 Vasco·
1223 2591 1329 2623 110.
1365 2576 1635 2625 Athenas.
1689 2573 1838 2623 Urbs
1887 2581 2001 2621 erat

251 2651 344 2684 nes
361 2635 662 2703 appellavit,
677 2654 837 2686 unum
858 2655 951 2705 pro
966 2639 1088 2689 alte·
1155 2637 1380 2688 Graeciae
1392 2639 1653 2703 primaria,
1667 2638 1877 2705 philoso
1920 2634 2002 2683 his

252 2714 314 2748 ro
344 2698 595 2766 populum
635 2716 843 2751 sumens
872 2734 891 2760 ,
924 2720 1085 2770 prop·
1158 2715 1212 2752 et
1232 2703 1524 2751 oratoribus
1546 2702 1815 2752 abundans
1839 2718 1852 2748 ι
1880 2726 1885 2733 κ
1937 2714 2003 2747 o-

252 2774 333 2811 ter
354 2763 616 2813 viciniam.
651 2763 816 2815 Porro
841 2766 1092 2819 Cantabri
1160 2783 1300 2816 mam
1321 2777 1495 2816 «vocat
1534 2766 1805 2825 Athenas·,
1848 2763 2004 2812 Italia

249 2827 514 2877 Bisca'iam
537 2838 591 2877 et
614 2829 883 2895 adjunctas
918 2832 1093 2899 regio·
1161 2833 1357 2943 qutie
1389 2830 1683 2880 rhetoribus
1727 2841 1781 2879 et
1826 2827 2005 2895 philo·

256 2907 351 2942 nes
373 2891 701 2943 obtinebant.
1162 2905 1258 2962 &p
1280 2911 1342 2944 ns
1355 2894 1545 2944 referta
1559 2895 1836 2945 eratinstar
1848 2892 2010 2941 Athe-

326 2974 436 3024 109.
474 2957 692 3008 Stoicus.
725 2956 835 3008 Sat.
858 2958 942 3025 IL,
969 2970 1097 3010 nota
1163 2977 1375 3010 narum.
1892 3004 1895 3009 .

256 3024 342 3085 40.
1237 3041 1340 3075 112.
1398 3024 1587 3074 Thule.
1638 3021 1816 3072 Insula
1867 3017 2005 3067 ultra

296 3087 557 3143 ‚Metelli
593 3086 713 3136 Fuit
757 3086 844 3135 hic
894 3086 1099 3136 additus
1168 3089 1416 3157 Angliam
1467 3101 1520 3139 et
1571 3087 1801 3145 Orcadas
1856 3083 1954 3133 sita
1985 3099 2011 3142 ·,=

258 3148 544 3215 Pompei0‚
587 3149 654 3200 ad
693 3151 980 3201 Sertorium
1008 3151 1100 3199 de·
1170 3153 1452 3202 Islandiam
1485 3164 1671 3202 vocant
1711 3169 1728 3200 2
1768 3147 1855 3197 alii
1890 3160 2013 3212 par·

261 3211 565 3263 bellandum
583 3250 598 3277 ,
641 3217 778 3264 circa
809 3232 1002 3267 annum
1037 3215 1104 3264 ab
1171 3228 1278 3268 tem
1301 3217 1588 3287 Norvegiae
1610 3233 1724 3269 esse
1740 3212 1949 3264 VOlunt·

266 3277 395 3330 urbe
432 3277 644 3332 condita
685 3280 788 3348 670
808 3314 826 3347 ,
869 3278 1110 3343 ducentis
1340 3290 1343 3295 ’
1638 3347 1697 3406 O
1741 3343 1783 3406 5
