2272 3937
595 223 953 283 SATIRA
996 223 1479 299 SECUNDA.
1844 228 1932 291 25

166 325 236 384 In
260 322 560 403 Proculas
583 366 597 394 ‚
630 339 697 384 et
727 322 1029 382 Pollineas
1058 327 1082 385 ?
1124 325 1224 382 Est
1249 321 1501 383 moecha
1521 323 1810 393 Eabulla:

166 407 560 472 Damnetur‚
597 405 646 462 si
673 405 762 462 vis
783 449 795 472 ‚
832 405 1021 462 etiam
1050 402 1389 482 Carphinia
1411 453 1427 474 ‚
1458 403 1648 464 talem

166 486 551 549 Nou.sumet
573 483 866 542 damnata
893 497 1120 563 togam.
1145 483 1271 542 Sed
1288 483 1483 545 Julius
1515 483 1697 544 ardet
1715 532 1733 555 ,
1981 485 2067 563 45

165 567 431 623 AEstuo.
462 563 690 622 Nudus
720 582 891 642 agas;
917 565 1120 621 miuus
1154 578 1247 622 est
1277 564 1516 621 insania
1545 567 1761 644 turpis.
1963 574 1966 577 '

168 645 264 701 En
297 643 584 701 habitum
603 687 618 710 ‚
651 662 782 722 quo
811 657 870 701 te
892 640 1060 723 leges
1080 687 1094 709 ‚
1125 663 1200 701 ac
1231 645 1370 718 jura
1395 642 1712 715 ferentem

167 720 553 782 Vulneribus
576 721 785 782 crudis
806 722 1076 801 populus
1103 723 1301 780 modb
1320 723 1547 792 victor,
1573 738 1637 783 et
1662 722 1823 783 illud

169 801 558 861 Montanum
576 803 808 880 ,positis
834 802 1082 862 audiret
1105 801 1322 882 vulgus
1349 805 1586 861 aratris·

170 881 385 958 Quid?
416 901 549 940 non
570 881 917 959 proclames
968 882 1034 940 in
1063 900 1336 961 corpore
1373 883 1595 956 judicis
1621 885 1740 945 ista
1981 887 2064 950 50

171 961 227 1018 Si
251 961 464 1020 videas
487 963 510 1023 ἓ
540 980 756 1041 quaero
785 981 865 1019 an
950 975 1175 1020 eceant
1201 960 1464 1021 multitia
1491 977 1735 1029 testem.

170 1041 333 1101 Acer
351 1089 368 1114 ,
393 1055 458 1100 et
489 1041 835 1114 indomitus
855 1081 875 1120 7
895 1039 1321 1122 libertatisque
1352 1043 1643 1122 magister
1662 1089 1688 1112 ,γ

173 1120 416 1179 Cretice
439 1165 457 1191 ‚
486 1119 786 1201 pelluceS.
811 1120 1012 1180 Dedit
1037 1118 1524 1199 hanocont'agio
1551 1121 1753 1183 labem
1778 1163 1802 1203 ,

166 1200 246 1258 Et
279 1199 456 1260 dabit
496 1203 563 1267 in
609 1199 819 1281 plures
846 1221 861 1259 z
895 1202 1058 1260 sicut
1083 1221 1237 1282 grex
1263 1214 1430 1261 totus
1464 1203 1530 1261 in
1559 1206 1716 1284 agris

147 1379 434 1431 *inveharis
456 1382 513 1428 in
545 1381 821 1431 adulteras
852 1376 1099 1432 Proculoe
1131 1395 1197 1430 ac
1228 1378 1495 1433 Pollineoe
1526 1377 1727 1434 similes
1748 1417 1766 1443 ,
1788 1385 1924 1452 quid

168 1448 271 1493 non
306 1445 589 1494 audebunt
626 1445 964 1511 ignobiliores
999 1446 1098 1494 alii
1140 1445 1411 1495 Causidici
1434 1448 1457 1494 ,2
1496 1464 1634 1512 quas
1676 1451 1922 1516 exemplo

168 1518 251 1557 tuo
290 1519 468 1558 vestes
493 1526 697 1558 sumere
730 1509 1053 1558 verebuntur
1083 1509 1106 1557 ἓ
1151 1508 1389 1557 Fabulla
1426 1521 1503 1558 est·
1532 1510 1774 1561 adultera
1799 1547 1817 1573 ‚
1853 1516 1926 1564 sit

171 1573 241 1622 ita
268 1573 405 1622 sane
426 1605 447 1633 ,
495 1575 874 1622 condemnetur
896 1609 912 1634 ,
946 1590 1051 1620 non
1088 1588 1264 1622 recuso
1296 1590 1315 1622 .·
1350 1574 1564 1637 feratur
1606 1573 1794 1624 eadem
1823 1610 1841 1635 ,
1865 1579 1923 1626 'si

167 1635 344 1698 lubet,
376 1637 435 1684 in
457 1638 796 1704 Carplziniam
823 1638 1088 1686 sententia
1118 1655 1141 1695 ;
1170 1646 1356 1695 neutra
1383 1647 1560 1687 tamen
1597 1649 1767 1705 togam
1786 1641 1924 1689 adet)

166 1699 375 1751 mollem
412 1716 478 1750 ac
514 1701 799 1750 delicatam
832 1702 1028 1751 “induet
1046 1706 1077 1761 ,‘
1101 1700 1353 1750 adulterii
1401 1702 1651 1752 convicta.
1693 1704 1925 1754 Atenim'

164 1765 313 1814 saevit
339 1776 502 1815 cestus
517 1798 535 1823 ,
557 1767 652 1815 hoc
677 1768 856 1815 mense
877 1764 1026 1814 Julio
1050 1767 1277 1816 calorem
1310 1765 1531 1816 tolerare
1546 1784 1652 1815 non
1668 1785 1877 1835 possum
1896 1786 1922 1828 ;

164 1841 346 1880 auctor
371 1847 466 1895 ego
486 1829 582 1880 tibi
611 1845 724 1878 sum
739 1865 754 1889 ,
783 1841 842 1878 ut
859 1831 1001 1879 nudo
1018 1830 1189 1894 potius
1210 1846 1415 1896 corpore
1452 1830 1737 1894 declames,
1756 1836 1922 1899 quarn

164 1894 267 1943 ista
315 1903 427 1943 tam
450 1892 617 1942 'molli
667 1896 831 1943 utaris
872 1905 1020 1943 veste
1039 1912 1062 1953 ,·
1106 1909 1204 1943 nec
1245 1911 1421 1943 eorum
1451 1896 1920 1961 *reprehensionem

164 1960 398 2008 verearis
416 1960 510 2025 qui
530 1967 580 2008 te
602 1959 849 2009 insanum
874 1959 1139 2018 dixerint,
1156 1960 1204 2007 si
1225 1960 1425 2009 nudum
1453 1954 1732 2019 videbun&
1746 1961 1922 2022 minus

163 2033 312 2098 turpe
353 2034 434 2073 est
462 2023 710 2073 insanum
742 2025 1042 2075 existimari
1063 2026 1225 2091 quam
1262 2024 1601 2089 impudicum.
1629 2025 1919 2091 Egregiam

162 2091 427 2137 enznwerb
453 2100 653 2137 vestem
675 2125 690 2147 ‚
733 2098 788 2136 et
833 2090 1082 2137 idoneam
1106 2088 1165 2135 in
1216 2103 1323 2152 qua
1361 2098 1411 2137 te
1450 2091 1655 2153 priscus
1688 2090 1784 2138 ille
1810 2092 1919 2138 Ro-

164 2168 357 2201 manus
392 2151 621 2219 populus
663 2155 719 2201 in
742 2153 905 2217 sylvis
936 2161 990 2200 et
1010 2150 1274 2200 montibus
1304 2151 1587 2213 educatus,
1606 2161 1702 2201 aut
1723 2169 1756 2200 a
1784 2152 1923 2203 bello

164 2225 346 2277 'recens
374 2227 495 2283 post
520 2216 789 2266 victoriam
820 2217 889 2270 dc
919 2217 1153 2265 hostilius
1183 2224 1528 2281 reportatam,
1549 2224 1924 2284 ostentansque

163 2279 392 2329 vulnera
431 2297 608 2330 cruore
642 2282 820 2331 adhuc
841 2282 1120 2331 manantia
1134 2297 1157 2339 ;
1192 2284 1301 2328 'aut
1320 2280 1491 2329 redux
1522 2279 1589 2342 ab
1619 2281 1791 2345 agris,
1808 2277 1928 2346 pos-'t

166 2355 347 2393 aratra
394 2345 628 2419 deposita
662 2363 683 2404 ;
738 2355 996 2411 spectaret
1063 2344 1377 2411 au'diretquc
1434 2345 1575 2409 leges
1626 2359 1922 2411 proponen-

164 2420 305 2472 tem,
357 2419 413 2457 et
450 2425 571 2474 Jura
618 2412 815 2459 civitati
858 2411 1076 2461 dantem
1106 2409 1126 2457 ,²
1171 2411 1285 2473 Ego
1329 2417 1404 2457 ‘te
1442 2412 1614 2475 ipsum
1674 2424 1701 2457 c
1801 2409 1924 2459 ulo:

165 2489 293 2521 num
349 2473 478 2521 illas
529 2483 709 2524 tenues
768 2492 832 2523 ac
883 2472 1184 2541 pellucidas
1242 2484 1414 2523 vestes
1478 2472 1723 2521 convenit·
1806 2476 1927 2523 testi

161 2537 433 2586 arbitraris
464 2537 489 2585 3
523 2553 756 2603 quonam
792 2531 1125 2605 ig'itztr'pacto
1152 2535 1388 2603 judicem
1426 2531 1725 2587 decebant?
1746 2553 1925 2588 nonne

162 2602 565 2665 indignissimas
587 2602 681 2650 illo
715 2618 868 2662 esse,
910 2620 977 2653 ac
1010 2601 1131 2668 jure
1180 2601 1396 2667 quidem
1432 2600 1731 2650 clamabis.²
1773 2601 1924 2651 Tunc

161 2682 189 2713 o
233 2667 469 2722 Cretice,
517 2668 610 2732 qui
643 2667 908 2714 a'usteram
944 2668 1192 2722 virtutem
1221 2697 1236 2727 ‚
1275 2674 1330 2713 ct
1361 2666 1600 2714 omnibus
1643 2664 1923 2714 libidinum

161 2728 278 2779 telis
319 2730 768 2794 insuperabilem,
805 2730 1092 2795 profiteris,
1118 2728 1450 2798 pellucidam
1482 2738 1682 2777 vestem
1697 2740 1883 2796 'gestas
1902 2732 1925 2777 ἓ

164 2795 419 2846 nimirum
461 2793 653 2840 alienis
697 2791 1365 2867 hominumflagitiosorum
1396 2792 1655 2859 exemplis
1691 2795 1925 2843 aciliano

160 2859 383 2907 mollem
418 2855 910 2923 effoenzinatamque
930 2866 1097 2905 vitam
1130 2872 1187 2905 cs
1257 2847 1529 2907 Ardua-tus.-
1564 2872 1661 2905 nec
1685 2857 1927 2923 ibisistet

163 2938 368 2971 morum
409 2921 511 2969 ista
539 2922 777 2986 contagio
801 2960 816 2981 ‚
845 2929 1017 2986 serpet
1048 2920 1125 2969 ad
1159 2872 1343 2985 plltjtres
1376 2954 1393 2980 ‚
1426 2921 1520 2988 qui
1553 2921 1655 2969 tuis
1694 2922 1925 2986 vicissim

164 2984 434 3056 exemplis
466 2986 740 3052 inquinari
765 3002 822 3035 se
871 2987 1053 3036 sinent
1083 3024 1104 3051 ,
1138 2985 1277 3035 sicut
1297 2985 1555 3051 integrum
1585 2997 1880 3036 armentum
1904 3019 1923 3050 ‚

227 3130 311 3195 45.
365 3129 588 3195 Togam.
627 3103 1019 3199 Romamne-foe·
1084 3127 1401 3197 jubebantur
1421 3141 1635 3201 togam,
1660 3146 1776 3199 quae
1800 3121 1921 3198 pro]-

165 3196 334 3254 minae
357 3195 642 3245 utebantur
661 3193 824 3262 vulgi>
851 3194 1019 3244 stolAz
1070 3195 1201 3262 ‚pria
1234 3195 1466 3249 virorum
1488 3195 1645 3251 vestis
1674 3205 1784 3248 erat
1804 3227 1821 3261 ,
1841 3192 1921 3243 in·

167 3258 391 3331 pellices
419 3271 476 3313 et
504 3259 745 3316 adulterii
767 3258 1025 3324 convictae
1088 3257 1267 3314 cluere.
1556 3323 1612 3385 B
