2272 3937
347 340 353 345 p
412 263 792 327 sATIRA
847 263 1256 327 DECIMA
1323 213 1733 350 QuINTA.
1832 260 1955 327 325

209 362 405 439 Cujus
435 367 622 447 egent
663 383 867 447 prona
889 416 909 441 ,
952 381 1016 427 et
1054 382 1286 427 terram
1316 371 1680 447 spectantia.
1723 366 1955 430 Mundi

208 444 527 525 Pincipio
549 447 809 507 indulsit
836 451 1189 509 communis
1215 449 1514 509 conditor
1537 449 1654 509 illis

211 523 491 584 Tantum
522 529 788 599 animas,
838 527 1015 588 nobis
1048 531 1330 588 animum
1364 549 1652 613 quoque3
1697 542 1955 589 mutuus

528 621 602 666 ut
623 629 738 668 nos

207 681 497 745 Affectus
523 703 741 766 petere
765 689 1063 749 auxilium
1080 738 1095 760 ,
1124 706 1189 751 et
1209 707 1499 771 praestare
1521 689 1770 767 juberet
1794 712 1811 761 ς
1868 741 1869 744 ,
1986 684 2102 749 150

206 762 539 844 Dispersos
567 768 816 829 trahere
837 772 901 828 in
926 771 1235 851 populum
1257 818 1271 841 ‚
1301 774 1569 851 migrare
1591 785 1838 832 vetusto

209 841 312 902 De
342 866 605 907 nemore
630 893 644 919 ‚
696 863 761 909 et
784 852 1027 928 proavis
1062 850 1366 911 habitatas
1409 853 1695 932 linquere
1719 850 1912 932 sylvas
1939 867 1956 908 ε
2024 845 2033 858 i

207 923 567 986 AEdificare
593 928 853 1004 domoe,
894 929 1123 990 laribus
1161 934 1549 1013 conjungere
1570 934 1796 991 nostris
1840 945 1857 954 ⁴·

207 1004 484 1064 Tectum
513 1007 683 1067 aliud
703 1055 718 1081 ,
750 1025 917 1069 tutos
940 1012 1152 1071 vicino
1175 1009 1388 1070 limine
1406 1031 1662 1072 somnos

211 1082 305 1142 Ut
334 1085 559 1146 collata
585 1088 765 1150 daret
789 1090 1051 1162 fiducia;
1076 1107 1412 1173 protegere
1445 1094 1630 1151 armis
1984 1086 2104 1150 155

210 1164 482 1244 Lapsum
502 1208 522 1247 7
545 1184 653 1228 aut
678 1170 918 1253 ingenti
944 1183 1276 1231 nutantem
1311 1172 1571 1232 vulnere
1596 1174 1795 1233 civem
1816 1192 1832 1244 ;
1950 1174 1957 1186 ⁸

214 1245 555 1306 Communi
579 1249 727 1311 dare
754 1254 926 1332 signa
959 1253 1138 1331 tube,
1181 1250 1515 1313 defendier
1541 1252 1744 1314 isdem
1870 1254 1877 1260 ’

208 1325 519 1385 Turribus
545 1373 559 1399 ‚
584 1345 772 1410 atque
786 1331 914 1389 une
936 1347 1265 1409 portarum
1288 1331 1459 1392 clave
1490 1335 1712 1391 teneri.

133 1423 136 1426 “
207 1404 334 1465 sed
363 1408 485 1481 jam
504 1426 874 1487 serpentum
898 1413 1102 1485 major
1117 1411 1494 1471 concordia:
1559 1414 1716 1473 arcit
1774 1415 1779 1418 ⁴
2094 1477 2099 1482 ,

201 1484 504 1566 Cognatis
530 1490 787 1549 maculis
814 1489 1021 1549 similis
1038 1489 1193 1554 fera.
1221 1491 1497 1569 Quando
1513 1434 1695 1552 i’eoni
1978 1491 2098 1558 160

207 1563 467 1626 Fortior
501 1569 731 1648 eripuit
772 1572 961 1629 vitam
998 1569 1146 1634 leo?
1186 1591 1317 1651 quo
1337 1591 1600 1632 nemore
1651 1591 1957 1655 umquam
2072 1589 2077 1604 ’

207 1645 527 1721 Expiravit
545 1670 696 1727 aper
716 1650 967 1727 majoris
980 1650 1273 1711 dentibus
1291 1653 1426 1730 apri
1452 1652 1478 1710 Ξ)

203 1725 422 1787 Indica
445 1730 643 1810 Tigris
666 1732 786 1811 agit
810 1729 1024 1790 'rabida
1047 1752 1195 1792 cum
1212 1731 1469 1812 Tigride
1491 1731 1715 1813 pacem

203 1804 617 1889 Perpetuam:
666 1811 835 1871 saevis
860 1812 1025 1871 inter
1049 1834 1117 1888 se
1147 1812 1444 1873 convenit
1464 1816 1643 1879 ursis.

207 1932 516 1997 hausimus,
556 1937 669 1986 hoec
703 1936 862 1988 brutis
904 1938 1270 1988 animantibus
1304 1939 1363 1987 in
1397 1937 1612 1988 humum
1644 1941 1828 2006 pronis
1862 1955 1957 1991 ne·

204 2011 367 2065 gata,
407 2003 598 2072 quibus
633 2003 884 2051 nimirum
922 2002 990 2050 ab
1031 2001 1278 2066 effectore
1320 2003 1506 2052 mun‘di
1537 2004 1652 2052 sola
1696 2007 1825 2055 data
1875 2017 1956 2057 est

206 2067 392 2114 anima
427 2065 697 2116 sentiendi
732 2078 787 2117 et
814 2069 1106 2129 vegetandi
1134 2068 1246 2116 vim
1285 2067 1510 2125 habens,
1557 2068 1707 2118 nobis
1743 2072 1957 2118 animus

207 2131 368 2179 etiam
414 2131 788 2194 intelligentia:
825 2130 1147 2197 rationisque
1183 2147 1399 2198 capaae;
1439 2143 1500 2182 ut
1530 2136 1714 2182 mutud
1750 2135 1958 2185 incitati

207 2194 576 2246 benevolentia
604 2206 755 2259 opt’m
785 2206 841 2245 et
874 2210 1086 2260 operam
1119 2194 1188 2243 ab
1223 2195 1347 2244 aliis
1371 2195 1783 2262 flagitaremus,
1810 2213 1958 2247 eam-

207 2259 435 2327 demque
465 2261 573 2312 illis
598 2274 948 2317 navaremus;
979 2269 1040 2308 ut
1072 2258 1314 2325 dissipati
1335 2271 1534 2321 antea,
1565 2262 1622 2310 in
1647 2279 1815 2312 unum
1849 2261 1957 2312 col-

207 2323 520 2391 ligeremur,
565 2333 618 2373 et
652 2325 841 2391 sylvis,
879 2340 1015 2390 quas
1052 2325 1216 2373 nostri
1247 2325 1470 2390 majores
1503 2326 1839 2388 incolebant,
1880 2343 1971 2383 rer

204 2389 372 2451 lictis,
400 2392 578 2442 domos
612 2390 868 2454 condere,
902 2386 1043 2437 alias
1070 2388 1196 2437 aliis·
1222 2389 1536 2453 adnectere,
1570 2401 1624 2440 et
1659 2393 1735 2442 ita
1772 2391 1960 2456 majori

203 2459 485 2515 securitate
523 2471 763 2505 somnum
809 2470 997 2521 capere
1022 2464 1303 2520 ,qpmpter
1322 2450 1548 2505 ,vicinas
1593 2457 1739 2506 aedes
1776 2457 1960 2506 nostris

207 2521 544 2585 conjunctas,
578 2536 849 2586 possemus
883 2537 901 2567 .·
943 2529 1002 2567 ut
1034 2517 1170 2568 cives
1203 2518 1384 2585 aliquo
1420 2518 1704 2584 infortunio
1736 2519 1959 2585 affectos

206 2587 371 2643 tueri,
406 2586 650 2649 delapsos
678 2586 736 2632 in
769 2584 993 2650 aliquod
1010 2582 1308 2647 periculum
1353 2588 1548 2650 erigere
1566 2619 1581 2647 ‚
1609 2586 1808 2635 bellum
1833 2601 1957 2635 con-

196 2646 401 2716 junctis
421 2651 619 2699 viribus
650 2659 705 2696 et
736 2648 969 2697 buccinis
989 2646 1218 2710 inferre,
1253 2647 1440 2697 iisdem
1463 2651 1723 2699 moenibus
1749 2667 1815 2699 ac
1837 2666 1963 2716 pro·

199 2714 525 2779 pugnaculis
574 2714 769 2762 hostem
805 2727 984 2761 arcere
1012 2743 1029 2775 ,
1069 2721 1124 2760 et
1167 2712 1359 2769 eadem
1411 2714 1622 2762 civitate
1682 2714 1959 2765 contineri.

203 2777 367 2827 Nunc
394 2777 563 2839 major·
590 2778 729 2827 inter
765 2788 971 2842 angues
990 2811 1008 2836 ,
1051 2777 1215 2841 quam
1253 2777 1393 2826 inter
1427 2778 1666 2826 homines
1694 2781 1971 2834 consensio*

207 2842 471 2903 est-‘Ferre
487 2859 592 2892 non
603 2842 833 2892 soeveunt
847 2843 906 2891 in
918 2842 1069 2906 seras
1088 2840 1278 2890 eadem
1296 2840 1446 2906 pelle
1469 2851 1747 2892 contectas.
1776 2843 1962 2908 Quan-

208 2906 404 2955 donam
441 2907 645 2958 leonem
680 2906 760 2955 leo
802 2907 1049 2956 robustior
1078 2906 1375 2955 interemit?
1424 2905 1546 2970 Qua
1585 2908 1643 2955 in
1677 2907 1826 2974 sylva
1863 2924 1958 2958 ve-

204 2971 347 3019 tulus
381 2989 510 3037 aper
536 2971 737 3035 juniori
777 2987 959 3022 necem
997 2969 1223 3020 intulit.²
1265 2970 1436 3035 Tigris
1458 2970 1647 3020 Indica
1680 2989 1797 3021 cum
1835 2971 1968 3023 aliis*

206 3035 478 3102 tigridibus
515 3037 807 3086 amicitiam
841 3037 989 3099 colit,
1029 3039 1169 3086 inter
1201 3052 1346 3084 ursos
1386 3052 1508 3101 pax
1551 3047 1629 3085 est
1659 3046 1714 3086 et
1746 3052 1957 3086 concor-

275 3137 384 3187 153.
439 3140 686 3190 Laribus.
738 3138 901 3190 Lares
953 3140 1047 3190 Dii
1111 3143 1216 3191 cia-
1253 3141 1461 3192 Junctis
1504 3143 1706 3193 aedibus
1757 3145 1957 3195 vicinus

206 3214 354 3252 erant
412 3202 730 3269 domestici,
776 3216 1048 3255 sumuntur
1110 3204 1285 3256 vicino
1328 3205 1478 3257 facile
1524 3207 1626 3260 {ert
1677 3221 1833 3274 opem
1870 3208 1952 3259 in·

207 3282 307 3336 pro
331 3268 349 3315 i
384 3285 444 3317 sa
464 3271 633 3319 domo.
1111 3269 1333 3341 digenti.

276 3284 388 3385 ιόἔ.
423 3332 500 3386 Ut
517 3336 713 3391 cauata
736 3335 890 3388 daret
894 3336 1043 3401 fidum
1417 3348 1422 3354 “
