2272 3937
431 202 558 281 428
709 205 1294 272 APPENDIX
1362 205 1501 265 DE
1581 203 1853 267 Dlls

506 306 668 356 Porro
719 308 910 357 enimoe
960 308 1016 357 in
1053 307 1262 375 Elysios
1307 323 1416 357 cam
1460 324 1520 358 os
1564 308 1737 357 missae
1758 339 1778 366 ,
1826 316 1957 373 post
2002 315 2191 356 certum

438 378 694 421 annorum
735 389 1007 422 numerum
1029 406 1043 434 ,
1084 389 1150 421 ex
1173 373 1238 423 iis
1268 370 1433 422 educe
1473 383 1623 422 antur
1643 405 1658 433 ‚
1692 383 1744 420 et
1778 369 1837 419 in
1867 369 1983 419 alia
2007 371 2186 438 migra·

437 435 566 483 bant
604 451 856 503 corpora,
898 452 1087 485 novam
1110 432 1179 484 ut'
1198 437 1358 485 vitam
1385 436 1739 485 instituerent.
1772 434 1885 483 Sed
1914 446 2185 546 εηῐεῗαω

439 498 679 548 felicibus
718 501 920 549 exirent
946 501 1147 567 campis
1174 532 1197 564 ,-
1231 500 1539 549 hauriebant
1575 515 1732 566 aquas
1767 497 1922 547 fluvii
1961 499 2068 548 Let
2106 516 2175 561 es,

440 579 656 627 quarum
694 580 756 613 ea
785 564 862 619 v‘n
901 576 1038 617 erat.
1076 575 1132 612 ut
1164 581 1335 614 rerum
1375 564 1607 613 omniurn
1634 563 2031 630 praeteritarum
2065 563 2174 611 obli-

438 628 647 676 vionem
684 626 947 677 afferrent.
979 629 1208 689 Mortui,
1283 643 1467 677 uorum
1491 626 1747 694 insepulta
1770 628 2019 692 jacerent
2046 626 2177 675 cada·

439 707 561 740 vera
576 726 590 753 ,
612 702 821 748 centum
846 708 1011 742 annos
1031 693 1086 740 in
1106 693 1219 758 ripa
1241 645 1336 758 §ty
1377 688 1420 740 is
1445 691 1685 741 errabant
1706 725 1721 753 ,
1745 690 1943 766 quibus
1969 691 2179 752 exactis,

441 771 471 802 a
509 754 772 804 Charonte
817 755 1320 806 transmittebantur.
1404 756 1594 804 lutonis
1630 771 1851 804 nomina
1890 756 1994 803 tria
2022 789 2039 815 ‚
2077 772 2178 823 quae

379 868 384 869 c
440 830 549 884 prce
576 819 760 867 ceteris
777 831 923 868 erant
945 820 1172 875 illustria
1210 836 1223 867 ι
1265 819 1432 869 Orcus
1451 819 1718 869 dicebatur
1738 853 1754 882 ,
1790 818 1942 885 quasi
1969 819 2147 887 Urgns
2161 854 2177 879 ,

438 881 524 931 vel
551 882 764 949 Uragus
780 916 796 942 ,
829 885 971 951 quod
995 900 1178 934 omnes
1199 896 1409 953 urgeret
1426 884 1478 932 in
1500 883 1789 934 interitum.
1814 883 1856 931 F
1860 883 2061 932 ebruus
2078 918 2092 944 ,
2122 884 2176 933 ab

442 946 659 1057 antissuo
678 946 840 996 verbo
849 948 1039 1008 februo
1057 983 1071 1006 ‚
1107 948 1245 1015 quod
1269 947 1526 1013 significat
1544 963 1742 1014 purgo,
1767 945 1933 995 lustro
1953 964 1969 1005 3
1996 947 2117 1013 quia
2137 949 2178 997 in

441 1009 568 1058 fune
608 1010 751 1060 ribus
792 1012 1121 1061 caeremoniis
1164 1011 1341 1064 multae
1386 1011 1716 1061 lustrationes
1761 1021 1814 1059 et
1847 1027 1948 1076 pur
1990 1013 2179 1062 ationes

444 1073 827 1124 adhibebantur
861 1092 873 1122 ε
911 1077 1176 1142 praecipua
1220 1075 1645 1142 quaedatn„sacra
1683 1074 1899 1124 Plutoni
1979 1075 2134 1124 ebant
2159 1111 2172 1137 ,

445 1136 582 1185 dicta
605 1140 675 1186 ob
698 1140 934 1187 eamdem
956 1156 1162 1189 causam
1182 1140 1386 1189 Februa
1406 1156 1421 1200 ·,
1463 1140 1599 1189 unde
1619 1139 1776 1189 etiam
1801 1138 1959 1187 fluxit
1989 1155 2173 1188 nomen

441 1201 712 1250 Februarii
749 1204 979 1276 mensis,
1021 1218 1124 1270 quo
1166 1204 1277 1253 baec
1316 1202 1567 1253 sacrificia
1607 1203 2024 1277 peragebantur.
2066 1203 2175 1252 Plu-

439 1264 583 1314 tonis
612 1265 923 1315 vocabulum
949 1285 977 1317 a
1000 1267 1187 1318 Graeca
1215 1282 1342 1317 voce
1378 1267 1584 1316 divitias
1615 1266 1947 1333 sigulficante
1971 1264 2180 1328 dicitur;

431 1328 567 1394 -quia
602 1346 781 1379 aurum
818 1341 870 1383 et
911 1331 1012 1381 alia
1045 1331 1256 1380 metalla
1289 1331 1344 1380 in
1375 1332 1533 1380 imam
1569 1330 1810 1380 tellurem
1830 1336 2042 1379 naturae
2069 1348 2176 1398 pro·

437 1385 568 1442 vida
602 1393 898 1464 benignitas
932 1431 947 1458 ,
983 1407 1040 1443 ut
1077 1395 1329 1455 laterent,
1373 1395 1581 1444 retrusit
1612 1429 1627 1456 ‚
1670 1395 1684 1442 i
1728 1395 1800 1444 sis
1838 1411 1909 1442 ue
1951 1394 2173 1445 admovit

435 1458 661 1520 inferis,
695 1474 754 1508 ac
786 1458 1023 1509 Plutonis
1058 1459 1273 1508 arbitrio
1307 1460 1523 1523 subjecit
1543 1493 1558 1516 ‚
1598 1469 1655 1506 ut
1707 1459 1827 1528 ‘nge
1901 1468 1962 1507 nt
1983 1460 2174 1525 po’e‘tae:

447 1523 536 1595 qui
554 1533 729 1571 tamen
761 1524 1076 1590 peculiarem
1100 1524 1307 1581 Deum,
1341 1522 1575 1571 Plutonis
1610 1524 1979 1572 administrum
2002 1557 2019 1585 ,
2060 1525 2172 1572 ‹livi-

448 1585 534 1635 nis
601 1587 937 1647 raefecerunt,
975 1588 1180 1636 Plutum
1210 1587 1424 1635 nomine
1458 1603 1470 1633 ε
1510 1586 1750 1636 claudum
1785 1586 1993 1636 faciunt
2023 1621 2039 1649 ,
2072 1589 2174 1653 quia

445 1650 557 1699 tard
649 1665 1014 1721 comparantur
1056 1667 1228 1719 opes;
1270 1667 1464 1701 caecum
1495 1685 1510 1714 ,
1561 1651 1681 1717 quia
1725 1667 1873 1719 saepe
1914 1651 2177 1701 immeritis

437 1714 773 1782 ⁵contingunt.
2070 1733 2077 1738 ·

541 1806 1957 1910 cu.‘x11.PAN,FAUNUS,SATYR1,
2000 1859 2102 1899 etc.

447 1947 573 2031 UT
614 1978 737 2028 coeli
773 1990 826 2028 et
864 1979 1188 2040 inferorum,
1230 1979 1304 2027 sic
1343 1990 1491 2028 terrae
1529 1980 2025 2047 propriaquaedam
2056 1994 2181 2033 erant

442 2043 674 2091 numina.
712 2043 1004 2110 Principem
1038 2045 1176 2092 inter
1219 2054 1450 2110 agrestes
1486 2044 1631 2098 Deos
1672 2042 1843 2094 locum
1880 2046 2181 2097 obtinebant

443 2102 584 2167 Pan„
616 2117 668 2155 et
714 2107 883 2156 Pales.
911 2106 1021 2156 Pan
1051 2107 1302 2168 Mercurii
1332 2106 1468 2157 filius
1491 2142 1506 2169 ,
1537 2108 1682 2174 capri
1713 2120 1869 2174 caput
1904 2126 1967 2158 ac
2040 2111 2185 2173 edes„

443 2184 646 2218 necnon
688 2169 906 2220 barbam
932 2205 947 2233 ,
999 2184 1051 2220 et
1095 2187 1287 2220 cornua
1319 2171 1534 2241 gerebat
1571 2187 1583 2218 ε
1623 2172 1772 2221 illum
1801 2175 2007 2224 comita
2052 2187 2181 2224 antur

428 2230 613 2298 „Satyri
635 2268 648 2292 ‚
674 2250 781 2283 non
800 2234 1089 2284 ‘dissimiles
1114 2256 1125 2284 :
1153 2234 1383 2302 itemque
1402 2234 1640 2285 Silvanus
1658 2270 1673 2300 ,
1706 2237 1954 2286 silvarum
1976 2255 2179 2305 praeses.

445 2296 508 2344 In
559 2298 783 2347 Arcadia
826 2299 982 2364 praeci
1024 2299 1088 2347 ue
1133 2297 1398 2349 colebatur
1439 2299 1547 2364 Pan
1601 2317 1614 2349 z
1673 2303 1784 2366 ejus
1826 2301 1884 2349 in
1932 2301 2180 2352 honorem

442 2358 671 2409 Romani
697 2378 876 2412 mense
913 2364 986 2411 Fe
1027 2363 1201 2412 ruario
1237 2363 1569 2414 celebrabant
1603 2364 1922 2430 Lupercalia
1955 2382 1970 2414 ι
2007 2367 2181 2433 quibus

440 2423 494 2472 in
513 2424 688 2486 festiS,
729 2426 988 2491 Luperci,
1031 2427 1204 2477 Panos
1235 2428 1532 2478 sacerdotes
1551 2463 1565 2488 ‚
1601 2429 1725 2477 nudi
1750 2445 1844 2495 per
1866 2430 2065 2479 urbem
2091 2431 2176 2480 dis·

441 2488 731 2540 currebant.
782 2489 928 2548 Pan,
977 2502 1034 2540 ut
1071 2492 1187 2557 ipsa
1227 2508 1327 2540 vox
1373 2490 1562 2542 Graeca
1603 2493 1813 2555 innuit,
1863 2509 1928 2543 ac
1978 2506 2181 2544 testatur

441 2550 680 2610 Servim,
712 2553 1007 2619 symbolum
1047 2567 1159 2604 erat
1197 2556 1422 2612 universi
1449 2590 1464 2617 ,
1498 2557 1553 2605 in
1586 2573 1690 2623 quo
1729 2557 1982 2608 homines
2008 2558 2178 2614 belluis

439 2615 591 2663 mixti
622 2630 719 2666 sun
769 2633 781 2664 ε
826 2617 1002 2693 itaque
1035 2620 1258 2686 superne
1296 2619 1560 2682 hominis,
1593 2621 1796 2671 inferne
1833 2624 2067 2688 pecudis
2089 2638 2184 2690 spe·

442 2679 575 2727 ciem
611 2696 733 2752 gere
775 2682 1118 2735 ansanum
1143 2683 1411 2753 gestabat,
1442 2685 1507 2733 ad
1526 2686 1935 2752 significandum
1961 2689 2179 2754 partiunt

442 2743 984 2809 mundhjunctarum
1027 2748 1165 2797 inter
1211 2764 1268 2798 se
1309 2748 1492 2798 ordine
1519 2749 1873 2816 pulcherrimo
1897 2786 1912 2813 ,
1962 2768 2180 2801 concen-

444 2824 575 2854 tum.
614 2807 810 2858 Na‘rrat
852 2810 1130 2861 Pausanias
1152 2846 1179 2875 ,.
1205 2812 1324 2862 cum
1363 2811 1537 2873 Galli,
1573 2815 1779 2864 Brenno
1820 2812 2002 2878 duce,
2042 2816 2181 2865 Gra-

442 2873 574 2919 ciam
613 2887 967 2938 percursantes
992 2910 1007 2937 ,
1039 2875 1293 2943 templum
1322 2876 1637 2943 Delphicum
1668 2891 1919 2945 pararent
1938 2880 2185 2953 spoliare,

438 2935 685 2999 injectum
726 2936 832 2985 illis
857 2955 887 2987 a
915 2938 1056 2988 Pane
1091 2941 1432 3007 improvisum
1470 2953 1756 3004 terrorem,
1803 2959 1911 3009 quo
1951 2959 2186 3010 percussi

438 3013 622 3048 omnes
648 2998 828 3067 fugam
849 3003 1166 3068 arripuerint
1190 3020 1201 3051 z
1228 3004 1350 3054 inde
1368 3015 1545 3052 natum
1565 3039 1580 3067 ,
1603 3018 1661 3055 ut
1679 3017 1850 3055 terror
1876 3007 1999 3057 sine
2036 3024 2183 3056 causa

436 3073 729 3130 susceptus,
770 3066 984 3130 panicus
1017 3067 1321 3134 appelletur.
1359 3068 1510 3117 Pales
1545 3070 1666 3120 invo
1730 3070 1883 3119 batur
1924 3088 1954 3119 a
2002 3071 2182 3120 Pasto-

435 3127 620 3175 ribus:
655 3127 839 3178 eadem
871 3144 932 3178 ac
958 3130 999 3178 C
1037 3130 1156 3182 bele
1191 3148 1304 3182 esse
1339 3132 1634 3198 putabatur.
1715 3134 1796 3199 jus
1833 3134 1975 3183 festa
1997 3135 2186 3184 Palilia

437 3190 833 3244 celebrabantur
867 3148 1036 3257 Amisi
1075 3207 1315 3247 exeunte.
1358 3197 1562 3246 Faunus
1595 3213 1811 3265 quoque
1840 3197 1955 3250 Pici
1979 3234 1996 3261 ‚
2037 3200 2181 3250 Lati-

437 3271 626 3306 norum
659 3256 829 3327 regis,
869 3258 1046 3324 filius,
1082 3260 1138 3309 in
1187 3261 1468 3330 agrestium
1506 3262 1757 3325 Deorum.
1781 3277 2068 3326 numerum
2104 3278 2181 3315 veo
