2272 3937
1122 154 1136 193 l

377 280 501 341 ET
560 232 1101 361 παρεκόπης
1167 273 1652 342 POETICIS.
1754 271 1878 354 425

172 390 312 430 osset
338 382 398 432 ac
428 397 609 449 parere
632 417 647 443 ‚
694 381 868 443 locum
892 379 1223 447 relinqueret.
1261 381 1534 429 Metamor
1566 379 1620 426 Ιι.
1659 377 1784 427 Lib.
1818 376 1873 442 6.
1912 428 1921 446 '⁴

131 472 137 477 ·
177 445 379 496 remisit
394 450 533 496 terra
562 444 939 497 excludendam
973 444 1219 494 omnibus
1239 443 1368 493 locis
1403 444 1537 492 Lato
1576 458 1660 491 am
1685 475 1701 504 ,
1743 457 1876 508 prae-
1914 488 1917 491 ,

129 520 211 558 ter
248 527 366 558 uam
399 511 464 559 ab
483 509 655 559 insula
685 510 855 570 Delo,
894 525 1013 576 quae
1053 520 1176 559 tunc
1212 506 1451 557 fluitabat
1472 506 1672 556 incerto
1702 507 1871 568 mari,

129 589 194 621 ac
235 589 324 621 ere
342 590 549 640 semper
585 573 828 623 fluctibus
859 583 970 622 erat
997 573 1202 622 obruta.
1241 572 1346 622 Sed
1369 571 1424 621 N
1429 581 1673 638 eptunuS,
1709 571 1869 620 Lato·

128 653 254 685 nam
274 639 574 695 miseratus,
609 637 803 687 Delum
837 636 1078 699 stabilem
1112 635 1343 703 reddidit
1363 669 1378 698 ,
1424 652 1484 684 ac
1517 635 1667 699 iussit
1700 650 1874 684 emer-

129 716 274 768 gere.
312 701 456 750 Hinc
480 701 676 769 Apollo
694 701 837 750 Delii
860 717 1157 768 cognomen
1179 712 1257 750 est
1290 710 1470 749 nactus
1503 699 1569 748 ab
1593 697 1762 753 insula
1781 715 1871 749 na-

104 765 243 818 ,tali.
270 767 396 815 E‘us
416 765 554 814 filius
583 764 811 814 AEscula
846 765 958 827 ina,
989 766 1108 814 cum
1141 774 1303 814 artem
1329 763 1651 813 medicam‘a
1685 774 1833 831 patre
1850 795 1867 826 ,

129 838 185 876 et
203 846 234 877 a
259 829 304 878 C
342 830 491 879 irone
517 830 781 879 Centauro
839 829 1100 892 idicisse't‚
1144 829 1424 879 tantumlin
1452 843 1516 876 ea
1576 825 1789 890 refecit,
1813 836 1870 889 ut

130 891 507 969 Hyppolytum
529 928 545 951 ‚
576 893 775 943 Thesei
797 892 963 942 filium
982 926 996 955 ‚
1018 893 1266 943 monstris
1275 891 1496 942 marinis
1516 904 1532 939 t
1551 903 1830 960 iscerptum
1847 924 1867 952 ,

132 954 200 1005 ad
230 970 390 1007 vitam
429 969 713 1008 revocaret.
743 958 1100 1007 Metamortlt.
1135 958 1257 1008 Lib.
1292 975 1323 1005 2
1365 967 1421 1006 et
1454 955 1530 1005 15.
1564 955 1689 1020 Quo
1730 955 1870 1006 facto

126 1020 341 1087 Jupiter
362 1023 721 1072 auctoritatem
747 1038 893 1070 suam
910 975 1034 1070 laedi
1055 1031 1195 1071 ratus
1210 1056 1225 1084 ,
1257 1019 1629 1087 AE'sculapimu
1650 1018 1870 1072 fulmine

127 1088 406 1150 percussit.
445 1086 640 1152 Apollo
653 1084 893 1135 *vicissim
919 1084 1208 1161 Cyclopes,
1240 1084 1474 1134 fulminis
1498 1083 1867 1149 fabricatores,

169 1149 381 1199 uoniam
424 1150 607 1201 saevire
635 1150 692 1198 in
732 1151 768 1201 J
771 1166 924 1199 ovem
960 1165 1133 1217 ipsum
1176 1165 1284 1199 non
1314 1160 1549 1224 poterat,
1582 1149 1867 1213 interemit·

177 1213 341 1263 xarsit
367 1213 631 1264 iracundia
648 1214 790 1280 gravi
805 1215 1015 1281 Jupiter
1028 1248 1043 1276 ,
1080 1226 1135 1264 et
1153 1213 1455 1281 Apollinem
1479 1211 1616 1262 coslo
1626 1211 1832 1279 pulsum
1849 1246 1868 1278 ,

126 1274 405 1328 divinitate
430 1293 525 1345 per
544 1279 745 1353 aliquot
765 1293 928 1327 annos
962 1277 1225 1342 spoliavit.
1260 1278 1528 1327 Redactus
1552 1278 1607 1324 in
1628 1277 1867 1340 ordinem

124 1340 328 1405 Apollo
356 1375 371 1403 ,
420 1340 596 1389 multis
630 1340 984 1389 incommodis
1019 1339 1296 1390 afflictatus
1328 1352 1438 1402 est3
1483 1357 1543 1390 ac
1575 1356 1643 1388 ne
1670 1343 1869 1408 periret

126 1403 297 1466 fame,
325 1419 540 1472 operam
557 1420 704 1454 suam
731 1404 921 1453 locavit
934 1405 1165 1453 Admeto
1186 1438 1202 1467 ,
1219 1405 1515 1454 Thessaliae
1530 1420 1587 1454 re
1626 1403 1644 1452 i
1665 1438 1681 1467 ,
1721 1408 1866 1471 cujus

127 1482 318 1534 greges
355 1467 646 1536 pascendos
673 1469 891 1535 accepit.
939 1470 1210 1517 Metamor
1245 1470 1297 1517 Ιι.
1326 1470 1447 1518 Lib.
1478 1486 1525 1516 2.
1613 1484 1697 1518 mc
1718 1469 1867 1520 Deus

105 1528 399 1596 „pastorum
442 1532 649 1581 habitus
681 1530 810 1595 fuit,
854 1532 1007 1599 eique
1039 1486 1410 1582 immofabatur
1453 1533 1606 1603 lupus
1632 1566 1647 1595 ,
1688 1533 1865 1583 ovium

126 1595 309 1661 pestis.
348 1597 601 1646 Armenta
635 1598 709 1646 sic
738 1607 1037 1663 pascentem
1069 1596 1353 1663 aliquando
1374 1597 1503 1645 vidit
1530 1597 1827 1646 Mercurius
1848 1634 1863 1660 ‚

128 1658 285 1726 eique
310 1673 519 1710 vaccam
555 1660 681 1710 dolo
710 1660 989 1736 surripuitz
1015 1665 1140 1710 mox
1174 1661 1359 1736 ipsam*
1378 1659 1610 1726 ejusdem
1636 1661 1866 1712 humeris

126 1721 307 1772 furtim
378 1726 636 1774 haretram
659 1725 898 1776 detraxit.
942 1725 1171 1792 Daphne
1195 1742 1250 1774 m
1277 1725 1460 1775 laurun
1481 1727 1549 1774 ab
1575 1740 1643 1774 eo
1668 1736 1866 1776 mutata

124 1784 242 1837 fuit.
274 1741 632 1854 drumm-ph.
658 1789 784 1839 Lib.
821 1805 865 1837 1.
892 1788 1226 1854 Hyacinthus
1246 1823 1261 1852 ‚
1299 1805 1454 1856 quem
1487 1789 1632 1838 disco
1664 1789 1737 1838 im
1778 1806 1863 1838 ru-

129 1840 259 1901 dens
276 1852 628 1902 colludentem
646 1854 981 1904 interemerat
995 1853 1089 1914 ‚in
1109 1852 1292 1904 florem
1322 1852 1711 1922 cog-nominem.
1807 1865 1866 1904 ed

132 1917 391 1983 tamor-ph.
432 1918 556 1970 Lib.
599 1934 676 1968 10.
713 1918 785 1968 At
815 1917 1109 1985 Hyacinthi
1140 1928 1378 1985 parentes
1421 1915 1724 1985 Apollinem
1752 1953 1769 1982 ,
1807 1929 1866 1970 ut

131 1994 316 2046 poenas
338 1993 644 2057 expeterent
658 2018 673 2044 ‚
697 1982 917 2032 insecuti
940 1980 1027 2044 ,fu
1069 1998 1158 2031 ere
1185 1983 1470 2050 coegerunt
1487 1982 1545 2031 in
1559 1982 1828 2033 Troadem
1846 2018 1861 2046 ‚

128 2042 224 2092 ubi
259 2044 443 2095 incidlt
469 2048 525 2096 in
558 2046 866 2114 Neptunum
883 2080 900 2107 ,
937 1998 1075 2096 coess
1112 2046 1305 2114 pariter
1341 2046 1664 2102 exsulantem
1683 2081 1698 2111 ,
1728 2047 1865 2097 irato

126 2107 285 2171 Jove,
307 2108 363 2157 in
381 2126 534 2177 quem
549 2128 668 2160 cum
690 2110 809 2161 Diis
829 2110 1029 2177 aliquot
1049 2113 1424 2175 conjuraverat.
1442 2111 1620 2160 Ambo
1642 2112 1708 2161 ad
1721 2113 1861 2162 Lao·

130 2172 433 2223 medentem
454 2208 471 2237 ,
514 2175 602 2241 qui
632 2176 853 2240 Troiam
892 2185 1015 2224 tunc
1049 2174 1382 2236 aedificabat,
1423 2173 1770 2245 confugiunt3
1802 2192 1864 2227 ac

127 2246 286 2299 pacto¹
310 2238 480 2303 pretio
499 2250 689 2288 navant
718 2255 931 2307 operam
970 2238 1330 2290 construendis
1358 2240 1540 2306 Trojae
1578 2239 1861 2293 moenibus.

127 2300 488 2368 Metamor'ph.
518 2304 643 2352 Lib.
693 2320 766 2359 ιι.
797 2305 937 2358 cum
969 2303 1280 2370 promissam
1310 2303 1607 2354 mercedem
1646 2317 1870 2371 negaret

125 2363 439 2430 Laomedon
462 2401 479 2432 ,
510 2366 873 2434 conspirarunt
894 2370 950 2418 in
970 2370 1243 2435 perjurum·
1257 2384 1435 2435 regem
1454 2401 1469 2430 ,
1499 2369 1714 2435 ejusque
1736 2370 1867 2419 civi-

129 2436 292 2478 tatem
319 2428 629 2499 Neptunus»,
661 2428 912 2482 immissis
937 2432 1113 2500 aquia,
1144 2434 1328 2499 evertit
1356 2449 1548 2499 magna
1580 2448 1645 2481 ex
1678 2444 1822 2500 parte
1845 2445 1865 2496 ξ

127 2491 327 2558 Apollo
349 2494 640 2559 pestilentia
659 2496 932 2566 regionem
945 2496 1247 2547 devastavit.
1273 2498 1385 2547 Tot
1405 2497 1554 2546 malis
1573 2496 1866 2547 remedium

130 2556 370 2621 quaesivit
388 2558 716 2609 Laomedon.
749 2560 977 2610 Oraculo
1011 2561 1252 2611 consulto
1274 2596 1289 2624 ,
1319 2568 1626 2628 responsum
1649 2572 1727 2610 est
1757 2562 1866 2637 pla·

129 2620 326 2670 candos
356 2620 659 2687 Apollinem
688 2638 748 2671 ac
779 2623 1086 2690 Neptunum
1131 2626 1335 2692 obiecta
1373 2625 1617 2675 monstris
1642 2627 1869 2676 marinis

130 2682 369 2747 Troiana
380 2686 654 2751 quotannis
667 2684 745 2754 vir
782 2688 869 2736 ine
886 2705 898 2735 ι
917 2703 1029 2737 sors
1043 2686 1340 2752 Hesionen,
1355 2705 1409 2740 re
1447 2691 1495 2738 is
1504 2688 1668 2756 ipsius
1680 2686 1866 2753 liliam,

127 2746 247 2822 neci
268 2746 557 2799 addixerat.
588 2750 766 2801 Hercu
818 2751 932 2802 sita
946 2767 1004 2802 se
1025 2751 1403 2803 liberaturumi
1443 2770 1526 2803 am
1545 2755 1870 2822 spoponditf
1916 2809 1917 2814 ,

128 2827 173 2859 si
196 2812 1021 2928 Laomedonrquosdamins’ffnes
1034 2832 1062 2865 e
1100 2834 1197 2868 uos
1211 2818 1310 2867 sibi
1323 2816 1487 2869 daret.
1500 2819 1859 2886 Metamorph.

125 2876 251 2950 pib.
281 2894 355 2926 11.
392 2877 639 2928 Promisit
667 2895 790 2939 rer,
820 2890 873 2928 at
928 2835 1107 2930 beretz
1127 2881 1272 2944 filia,
1314 2884 1557 2933 monstris
1591 2882 1791 2933 abactis
1810 2893 1869 2932 et

127 2939 442 3005 interfectiS,
482 2942 766 2993 Herculem
790 2943 1095 2994 indonatum
1159 2946 1366 2995 irrisum
1439 2964 1469 2997 e
1499 2946 1672 2997 valere
1684 2948 1858 3008 jussit.

126 3002 387 3055 Hercules
427 3008 564 3071 justo
595 3004 771 3057 furore
810 3008 1036 3089 percitus
1074 2980 1283 3060 osssedit
1330 3028 1393 3060 ur
1409 3029 1546 3076 iem,
1590 3012 1760 3079 cepit,
1801 3029 1871 3061 ac*

127 3082 308 3137 regem
341 3070 617 3120 interfecit.
643 3073 849 3121 Interea
874 3073 986 3122 miti
1027 3084 1140 3122 atus
1165 3074 1375 3143 Jupiter
1399 3076 1589 3126 coel‘um
1624 3075 1863 3144 Apollini
1940 3131 1945 3132 ⁷

127 3148 187 3181 ac
212 3131 534 3184 divinitatem
571 3135 817 3186 reddidit.
847 3138 969 3204 Apo
1012 3153 1043 3187 o
1073 3138 1347 3205 pristinum
1372 3140 1530 3190 decus
1556 3156 1663 3190 non
1700 3139 1862 3190 modo

125 3198 485 3263 recuperavit,
519 3201 612 3250 sed
648 3218 730 3253 ma
769 3202 838 3251 na
871 3201 1030 3251 etiam
1062 3204 1359 3253 accessione
1385 3205 1684 3254 cumulavit.
1718 3204 1867 3255 Nam,

124 3261 183 3312 iu
211 3260 351 3316 coelo
380 3261 712 3316 lucisOrbis
771 3264 1033 3317 ivideudae
1066 3283 1253 3317 munus
1287 3271 1508 3336 recepit.
1539 3268 1683 3335 quod
1714 3268 1865 3318 antea

127 3328 345 3392 gei-ebat
364 3360 383 3393 ,
409 3327 507 3382 etsi
540 3330 861 3430 {evinci-sm
891 3331 1026 3400 lianc
1068 3331 1244 3399 pineta
1271 3333 1503 3385 tribuant
1529 3333 1630 3384 uni
1653 3348 1684 3382 e
1710 3333 1863 3383 Tita—
