2272 3937
361 238 485 301 320
623 303 626 312 Α
807 238 890 298 D.
951 240 1008 298 J.
1070 231 1699 303 JUVENALIS

355 341 484 400 Per
511 353 740 399 terram
766 335 965 422 digitis
988 383 1002 409 ‚
1033 337 1269 419 aliquid
1300 337 1381 398 de
1404 339 1704 419 sanguine
1729 351 1955 422 gustat.

345 419 727 497 ‘'Vascones,
766 434 839 478 ut
870 417 1037 478 fama
1062 433 1191 490 est',
1227 417 1534 478 alimentis
1569 411 1914 479 talibus'ffisi

363 498 733 560 Produxere
758 500 1026 558 animas:
1059 498 1168 558 sed
1200 518 1298 557 res
1327 497 1609 577 diversa,
1639 496 1753 557 sed‘
1785 497 1915 559 illic

260 570 663 656 95Fortunae
715 579 944 638 invidia
986 593 1115 658 est,
1141 576 1582 658 bellorumque
1637 575 1894 648 ultima,
1936 596 2110 637 casus

364 661 678 726 Extremi,
706 657 912 740 longae
935 658 1067 717 dira
1088 655 1425 718 obsidionis
1451 670 1706 739 egestas.

362 743 566 816 Hujus
598 740 764 798 enim
789 784 803 808 ‚
836 739 1013 820 quod
1057 759 1230 800 nunc
1261 738 1492 820 agitur,
1522 736 1870 798 miserabile
1919 735 2113 797 debet

361 817 741 898 Exemplum
769 839 901 879 esse
933 818 1081 878 cibi:
1108 819 1270 878 sicut
1288 817 1481 877 modo
1508 816 1672 877 dicta
1701 816 1853 876 mihi
1882 836 2038 911 gens

364 899 514 959 Post
531 919 749 959 omnes
766 897 988 959 herbas
1006 944 1018 963 .
1047 911 1436 976 postcuncta
1453 895 1741 956 animalia
1765 942 1778 965 ‚
1802 895 2116 991 quidquid

228 989 348 1033 100
370 977 650 1057 Cogebat
688 981 866 1039 vacui
905 980 1135 1039 ventris
1163 976 1383 1054 furor,
1414 974 1697 1036 hostibus
1723 978 1868 1056 ipsls

364 1057 678 1124 Pallorem
703 1104 716 1124 ,
775 1080 848 1119 ac
907 1059 1173 1119 maciem
1196 1101 1211 1130 ,
1275 1071 1339 1117 et
1394 1071 1614 1117 tenues
1669 1056 2127 1132 miserantibus,

689 1154 886 1207 artus,

366 1216 661 1278 Membra
681 1218 881 1278 aliena
919 1216 1083 1278 fame
1115 1213 1475 1277 lacerabant
1501 1259 1514 1284 ‚
1546 1236 1678 1275 esse
1747 1217 1902 1276 arati

367 1300 446 1357 Et
488 1318 614 1358 sua.
666 1300 969 1376 Quisnam
1024 1298 1360 1358 hominum
1402 1296 1648 1356 veniam
1730 1317 1874 1368 are,
1900 1297 2117 1380 quisve

690 1379 976 1440 Deorum
1823 1393 1829 1402 '

366 1456 643 1518 Urbibus
686 1458 977 1520 abnuerit
1016 1457 1152 1519 dira
1181 1501 1195 1530 ‚
1233 1471 1423 1540 atque
1467 1457 1764 1516 immania
1798 1457 2031 1538 passis,

285 1645 286 1648 ,
369 1599 618 1649 carnibus
640 1600 886 1649 humanis
901 1600 1067 1650 vitam
1087 1598 1181 1647 ali.
1207 1600 1426 1647 uamdiu
1446 1613 1803 1660 conservasse,
1833 1599 2119 1662 acfamem

367 1664 643 1731 paulisper
673 1663 934 1731 depulisse
955 1682 974 1712 .·
996 1663 1090 1712 sed
1126 1615 1433 1713 ansconum
1463 1673 1641 1713 tamen
1669 1661 1824 1728 longe
1846 1664 2121 1713 dissimilis

373 1738 453 1776 est
480 1745 544 1777 ac
577 1727 955 1795 AEgyptiot-mn
989 1744 1184 1787 causa,
1210 1727 1542 1793 factumque.
1579 1727 1661 1776 Εὸ
1700 1729 1895 1793 quipie
1944 1728 2123 1779 adacti

367 1790 521 1856 suere
551 1792 820 1842 Vascones
882 1809 938 1842 er
959 1792 1297 1841 acerbitatem
1329 1793 1620 1858 quamdam
1648 1802 1702 1842 et
1721 1792 1807 1841 inc
1865 1794 2121 1842 mentiam

374 1856 655 1916 Portunae,
685 1857 800 1905 ciem
854 1858 993 1921 ongd
1025 1855 1296 1906 obsidione
1330 1872 1394 1905 ac
1427 1855 1565 1904 bello
1597 1856 1898 1922 gravissimo
1924 1873 2121 1916 rerum<

371 1936 476 1987 que
506 1921 740 1970 omnium
772 1922 950 1987 inopia
972 1920 1139 1983 fracti
1174 1920 1248 1970 ad
1279 1931 1543 1971 extremas
1576 1922 1854 1986 angustias
1882 1920 2122 1971 devenis-

372 1996 489 2034 sent
508 1990 532 2035 .·'
552 1989 608 2034 in
648 2003 750 2052 quo
786 1985 937 2050 digni
968 1985 1200 2050 profecto
1234 1995 1390 2034 erant
1424 1984 1906 2043 commiseratione,
1946 1988 1989 2035 si
2008 1996 2127 2053 post

372 2050 680 2116 absumptas
700 2065 879 2098 omnes
899 2051 1083 2099 herhas
1103 2061 1157 2099 ec
1173 2050 1434 2098 animalia
1452 2084 1469 2111 ,
1503 2059 1558 2099 et
1571 2050 1833 2116 quidquid
1854 2051 2145 2099 edendum¹

371 2114 654 2178 objiciebat
679 2114 844 2179 samis
891 2115 1141 2180 quoedam
1183 2114 1380 2175 rabies,
1433 2115 1530 2179 ipsi
1565 2113 1805 2181 pallore,
1850 2117 2126 2182 macieque

331 2221 336 2228 .
372 2178 629 2239 confecti,
672 2178 910 2227 membris
950 2177 1134 2226 inediti
1174 2178 1452 2227 exhaustis
1495 2188 1549 2226 et
1583 2178 1909 2236 attenuatis,
1964 2190 2026 2226 at
2067 2194 2127 2229 ne

375 2244 501 2308 ipsis
532 2243 761 2294 hostibus
797 2242 1117 2302 miserandi,
1152 2243 1198 2290 si
1228 2251 1383 2301 tunc,
1417 2241 1637 2308 inquam
1659 2276 1674 2304 ‚
1701 2242 1892 2304 alienis
1911 2252 2030 2291 artu
2074 2260 2128 2293 us

361 2306 752 2368 vescebantur,
785 2307 879 2372 qui
911 2322 1027 2355 suos
1054 2308 1219 2354 etiam
1249 2321 1432 2355 vorare
1467 2321 1574 2354 non
1604 2305 1950 2355 dubitassent.
1989 2307 2128 2372 Quis

376 2369 673 2420 mor-talium
706 2381 801 2420 aut
836 2372 995 2419 etiam
1035 2370 1440 2428 immortalium,
1477 2370 1670 2419 civibus
1700 2370 1757 2418 in
1792 2379 1973 2419 tantas
2009 2390 2128 2420 con·

369 2433 521 2500 fectis
560 2434 833 2499 angustias
867 2435 926 2483 id
969 2450 1075 2482 non
1113 2435 1247 2486 ultro
1286 2434 1594 2500 ignovisset}
1637 2434 1777 2501 Ipsoe
1811 2445 2129 2485 mortuorum

438 2538 521 2604 93.
566 2538 852 2588 Vascones.
887 2522 1119 2607 Populus
1151 2539 1217 2591 ad
1283 2551 1364 2589 tur
1407 2555 1419 2588 z
1460 2557 1489 2589 a
1524 2540 1653 2589 Pom
1695 2538 1780 2590 eio
1813 2550 1866 2588 et
1900 2540 2128 2591 Metello

373 2601 655 2668 Pyraeneos
711 2614 914 2654 montes
963 2606 1165 2667 positus
1200 2620 1213 2653 ι
1283 2602 1496 2654 obsessa
1517 2639 1534 2667 ‚
1558 2616 1655 2654 ete
1715 2603 1924 2653 redacta
1946 2615 2130 2668 est,ut

375 2677 578 2733 partem
629 2666 908 2734 Hispaniae
957 2670 1215 2719 Tarraco·
1284 2668 1421 2718 cives
1454 2667 1736 2719 libet-orum
1758 2684 1978 2731 corpora
2014 2685 2126 2720 esse

377 2729 553 2787 nensis
592 2730 718 2780 olim
754 2732 1029 2783 obtinebat
1050 2767 1065 2796 ‚
1101 2733 1157 2782 N
1162 2750 1216 2782 a·
1284 2746 1346 2781 co
1386 2730 2123 2784 erentur.Va1er.Max.Lib.

377 2810 578 2845 varram
601 2794 760 2846 hodie
780 2796 989 2848 dictam.
1009 2796 1140 2846 Inde
1164 2797 1219 2845 iu
1286 2798 1336 2849 V
1372 2797 1397 2845 1
1416 2832 1430 2859 ,
1455 2814 1569 2864 cap.
1593 2797 1643 2847 6.

379 2857 582 2909 Gallias
629 2870 979 2928 transgressus
1012 2898 1024 2917 ‚
1077 2860 1216 2909 hunc
1354 2878 1460 2911 ¹02.
1516 2862 1647 2912 Esse
1681 2861 1861 2928 parati
1916 2871 1972 2911 et
2005 2878 2127 2912 sna.

376 2934 597 2973 tractum
625 2923 1215 2991 occupavit‚quim0do
1281 2923 1423 2975 Nam
1475 2926 1686 2992 quidam
1735 2925 1912 2991 inedia
1961 2926 2131 2992 pressi

380 2986 667 3054 appellatur
688 2990 953 3043 Vasconis
968 3023 985 3054 ‚
1010 2989 1064 3039 la
1088 2991 1218 3039 Gas-
1285 2987 1496 3040 brachia
1516 3006 1608 3039 sua
1629 3005 2027 3057 nonnumquam
2053 3006 2130 3040 ar·

388 3068 571 3117 cogne.
1281 3054 1479 3105 rosere.

373 3152 374 3157 ,
442 3116 525 3182 96.
558 3116 870 3168 obsidionis.
912 3117 1057 3169 Urbs
1076 3120 1215 3171 Vas·
1354 3120 1463 3181 ¹04·
1524 3116 1768 3168 Urbibus.
1809 3115 1936 3167 Cala
1979 3118 2088 3168 urri
2112 3152 2130 3182 ,

383 3194 571 3231 conum
605 3181 1080 3232 Tarraconensium
1109 3193 1220 3232 erat
1282 3181 1621 3243 Numantiae,
1645 3180 1900 3246 Sagunto.
1972 3180 2030 3231 lii
2052 3181 2122 3231 le·

382 3240 678 3313 Calagurris
737 3246 1020 3311 Galahorre
1042 3280 1058 3306 ,
1099 3263 1217 3312 quoe
1320 3258 1412 3296 unt
1427 3280 1443 3308 ‚
1477 3246 1689 3297 Vir-ibus
1703 3262 1723 3302 ‚·
1746 3244 1803 3293 id
1823 3256 1903 3294 est
1922 3278 1937 3304 ,
1962 3244 2131 3296 virili-

384 3309 545 3361 hodie
565 3308 809 3364 Castellae
833 3309 997 3366 veteri
1030 3309 1219 3365 tribui·
1322 3327 1379 3363 us
1392 3309 1578 3365 animis
1597 3341 1612 3375 ,
1634 3307 1717 3364 vel
1735 3308 1864 3366 viris
1882 3308 2127 3367 fortibus.

127 3500 134 3515 ἱ

365 3642 372 3651 1

401 3682 410 3691 ι.
