2272 3937
435 182 1030 270 'AP‘PENDIX
1104 210 1238 269 DE
1292 190 1720 279 Dusae-.-
1833 217 1965 294 ⁴519⁵

211 310 526 360 mmtnvrat
585 309 808 360 raeterita
830 344 844 373 ,
878 307 1048 360 futura
1070 308 1452 377 prospiciebat:
1472 309 1612 359 unde
1632 309 1840 376 biceps,
1864 329 1957 361 seu

219 375 418 423 bifrons
442 375 557 441 apel
581 386 710 423 atur.
740 375 819 423 Eo
857 387 1109 443 regnante
1133 410 1149 438 ‚
1207 390 1377 423 mores
1408 374 1592 441 optimi
1620 386 1856 441 artesque
1883 377 1959 424 vi-

216 449 442 551 §uerunt
458 473 473 501 ‚
497 455 611 506 quae
638 439 650 487 i
660 439 713 489 lli
736 439 877 488 aetati
895 455 1090 488 nomen
1111 440 1301 488 Aureae
1320 438 1569 489 fecerunt.
1595 436 1805 497 Saturni
1828 440 1960 490 festa

256 503 524 552 icebantur
565 503 887 565 Saturnalia,
919 515 971 553 et
997 502 1283 553 Decembri
1317 518 1496 551 mense
1533 503 1796 552 celebrata
1839 516 1960 554 sunt

214 581 311 633 per
354 566 463 616 dies
502 567 672 633 primo
719 579 819 617 tres
841 602 856 631 ,
898 566 1088 618 deinde
1215 578 1396 628 atuor,
1432 576 1543 614 tum
1621 566 1851 633 uinque,
1899 585 1960 618 ac

213 630 407 698 plures.
425 630 524 679 Per
542 647 632 680 eos
650 630 760 682 dies
777 631 996 682 Senatus
1014 646 1120 680 nou
1183 631 1452 693 abebatur,
1466 646 1593 680 vaca
1631 641 1721 680 ant
1742 630 1959 697 scholae,

217 706 434 743 munera
462 694 597 743 ultro
627 695 860 765 citroque
903 696 1268 750 mittebrantur
1293 696 1359 744 ab
1393 695 1597 755 amicis;
1636 695 1701 743 de
1724 694 1962 745 sontibus
2040 723 2049 731 ·

215 759 529 826 supplicium
554 775 784 820 sumere,
804 776 863 810 ac
884 760 1081 810 bellum
1101 759 1333 809 indicere
1351 793 1365 822 ‚
1386 759 1560 819 nefas3
1589 759 1750 809 servis
1763 776 1967 821 mensas·

215 823 642 873 accumbentibus
687 824 1048 877 ministrabant
1083 824 1300 872 Domini
1323 859 1338 884 ,
1385 834 1438 872 et
1479 839 1744 886 seryorum
1790 824 1961 873 vicem

216 886 507 954 implebant
529 921 544 947 ,
588 888 654 938 ad
691 888 1035 939 refricandam
1068 887 1314 936 videlicet
1340 887 1648 937 memoriam
1689 887 1922 953 pristinae
1942 924 1958 951 ‚

217 962 347 1024 quae·
387 950 606 1001 florebat
623 987 638 1016 ,
686 953 910 1005 Saturno
956 962 1209 1023 regnante
1241 987 1257 1016 ,
1306 951 1559 1000 libertatis
1580 987 1596 1017 ,
1642 951 1758 1003 cum
1801 968 1960 1003 nemo

216 1024 448 1064 serviret.
601 1049 606 1057 -
754 1024 761 1028 '

282 1080 318 1129 J
322 1095 448 1137 anus
470 1115 484 1141 ‚
523 1078 589 1132 de
650 1098 719 1130 uo
741 1081 979 1150 proxime
1000 1079 1134 1131 facta
1156 1078 1354 1131 mentio
1376 1091 1482 1141 est,
1506 1080 1818 1148 pingebatur
1839 1082 1967 1145 cum..

217 1142 346 1192 clavi
366 1154 418 1191 et
431 1145 594 1215 virga.
670 1147 833 1215 irgam
853 1147 1095 1213 gerebat,
1115 1147 1261 1214 quasi
1282 1147 1479 1223 viagun
1495 1161 1687 1212 praeses
1707 1162 1721 1204 3
1747 1143 1956 1206 clavim,

215 1208 335 1320 Τὼ
361 1207 635 1259 domorum
658 1213 838 1274 januas
858 1244 873 1272 ‚
917 1222 970 1259 et
990 1225 1127 1259 seras
1147 1211 1404 1260 invenisse
1419 1209 1744 1259 credebatur.
1782 1209 1868 1256 Ab
1891 1216 1963 1259 ου’

255 1272 498 1321 aunarius
523 1276 714 1322 mensis
738 1274 936 1323 invenit
960 1291 1155 1323 nomen
1183 1291 1196 1321 ι
1226 1274 1339 1327 ’πω
1360 1274 1637 1323 duodecim
1660 1271 1831 1322 eidem
1857 1290 1966 1340 po<

216 1335 474 1384 nebantur
493 1370 507 1397 ‚
549 1352 644 1404 pro
665 1353 884 1387 numero
905 1339 1162 1386 mensium
1190 1353 1201 1384 ι
1229 1350 1386 1403 utque
1419 1349 1537 1386 sunt
1571 1337 1694 1386 anui
1727 1340 1969 1403 tempes-'

218 1408 349 1449 tates
383 1411 602 1466 quatuor
636 1402 651 1449 i
694 1402 736 1450 si
758 1400 956 1451 frontes
990 1400 1271 1468 aliquando
1308 1401 1462 1451 datae.
1502 1403 1565 1450 In
1593 1399 1834 1450 omnibus
1870 1416 1953 1451 sa·

216 1462 424 1512 crificiis
459 1464 663 1540 appella
683 1477 818 1515 ›atur
849 1467 1021 1533 primo
1042 1465 1162 1516 loco
1180 1499 1194 1527 ‚
1233 1466 1424 1532 quippe
1447 1467 1535 1533 qui
1555 1456 1750 1531 primus
1773 1480 1886 1513 aras
1905 1476 1965 1529 et,

216 1540 477 1577 sacrorum
495 1539 619 1577 ntus
642 1529 966 1585 instituisset.
984 1531 1107 1595 Ejus
1128 1535 1233 1579 tem
1274 1528 1381 1577 lum
1405 1529 1596 1581 Romae
1623 1526 1967 1591 claudebatur·

217 1605 347 1657 pace
381 1594 702 1661 composita,
735 1594 949 1662 patebat
976 1594 1229 1664 flagrante
1287 1592 1409 1643 eno.

689 1722 863 1772 Car.
918 1721 1016 1770 ΙΙ.
1082 1721 1479 1773 CYBELE.

217 1829 341 1912 Cr
360 1872 431 1904 BE
451 1872 483 1903 1,
503 1871 534 1904 E
553 1890 567 1916 ,
608 1855 814 1907 Saturni
848 1873 1006 1919 uxor,
1048 1855 1192 1905 varia
1230 1854 1438 1904 sortitur
1471 1853 1607 1920 apud
1632 1854 1821 1906 Poe'tas
1858 1873 1961 1921 no-

218 1923 379 1971 mina.
416 1919 752 1987 Dyndimene
785 1932 999 1971 vocatur
1017 1954 1032 1984 ‚
1068 1919 1414 1986 Berecynthia
1434 1952 1449 1982 ‚
1471 1930 1523 1967 et
1547 1918 1675 1972 Idea
1694 1955 1708 1983 ‚
1749 1938 1777 1970 a
1805 1937 1960 1972 mon-r

216 1987 355 2035 tibus
380 1984 623 2050 Phrygiae
649 1984 920 2050 Dyndimo
936 2021 950 2048 ‚
971 1987 1068 2034 Ida
1088 2019 1103 2048 ‚
1125 1995 1178 2034 et
1199 1986 1357 2035 Berec
1396 1983 1524 2033 ntho
1540 2018 1558 2048 ,
1577 1984 1666 2033 ubi
1690 1985 1965 2055 praecipue.

216 2049 485 2101 colebatur
510 2065 522 2095 ι
562 2065 752 2117 magna
787 2051 997 2112 Mater,
1034 2049 1158 2117 quia
1185 2049 1276 2098 Dii
1371 2047 1524 2097 urimi
1548 2083 1564 2111 ,
1599 2049 1916 2117 maximique
1938 2085 1961 2115 ,

216 2132 281 2164 ex
303 2130 363 2163 ea
395 2111 503 2161 nati
526 2129 538 2160 z
565 2113 674 2179 Ops
693 2147 708 2175 ‚
739 2125 792 2163 et
807 2113 992 2164 Tellus
1016 2148 1030 2175 ‚
1059 2113 1183 2180 quia
1202 2123 1259 2161 ut
1291 2066 1543 2162 statamus
1562 2116 1698 2163 coelo
1716 2148 1731 2176 ‚
1767 2114 1840 2163 sic
1866 2112 1965 2164 illa

217 2190 369 2229 terrae
396 2188 648 2243 praeerat,
677 2193 939 2246 opemque
972 2176 1279 2226 mortalibus
1310 2175 1511 2226 ferebat
1544 2194 1556 2225 ι
1598 2177 1753 2226 Rhea
1777 2210 1793 2240 ,
1832 2179 1957 2245 quia

217 2259 245 2292 e
272 2253 407 2292 terra
432 2239 596 2289 fluunt
619 2242 796 2291 omnia
815 2276 830 2305 ‚
870 2252 922 2291 et
948 2241 1249 2309 gignuntur.
1276 2240 1430 2290 Dicta
1451 2255 1657 2307 quoque
1675 2242 1841 2291 Vesta
1869 2259 1967 2304 rte-3

216 2308 409 2373 peritur
434 2322 445 2353 ε
475 2305 832 2373 vutlgotamen
854 2306 1020 2358 Vesta
1045 2304 1253 2354 Saturni
1273 2315 1463 2362 mater,
1491 2322 1600 2355 non
1617 2307 1805 2370 conjux
1821 2340 1835 2368 ‚
1860 2323 1960 2373 po·

216 2367 382 2433 nitur3
421 2370 595 2437 itaque
632 2365 759 2419 dhas
799 2369 866 2421 ali
907 2369 959 2419 ui
999 2370 1192 2421 Vestas
1226 2368 1578 2431 constituunt,
1614 2386 1770 2419 unam
1817 2370 1958 2421 Coeli

215 2433 490 2503 &ouiugom
510 2468 525 2496 ,
550 2446 599 2483 et
625 2446 841 2484 matrem
866 2388 1105 2494 gaturnh
1130 2432 1344 2500 alteram
1366 2431 1622 2497 juniorem
1642 2470 1656 2497 ,
1673 2445 1725 2481 et
1746 2433 1955 2484 Saturni

213 2485 375 2558 filiam
397 2515 409 2548 ι
435 2499 689 2548 seniorem
706 2499 946 2550 eamdem
966 2514 1080 2548 esse
1100 2514 1219 2547 cum
1236 2496 1435 2565 Cybele
1452 2531 1469 2560 7
1490 2515 1548 2548 ac
1564 2495 1778 2547 Tellure
1793 2533 1808 2558 ,
1832 2515 1960 2548 cen-

217 2555 346 2614 sent.
373 2563 690 2627 I'iugebatur
723 2564 815 2614 illa
847 2563 1074 2626 sedena,
1110 2563 1234 2629 quia
1269 2574 1402 2612 terra
1430 2573 1567 2625 stat,
1614 2561 1718 2611 suis
1763 2561 1954 2612 librata·

197 2626 571 2694 ‘po1ideribus3
617 2638 918 2694 tympanum
959 2627 1176 2696 gerebat
1204 2644 1363 2676 manu
1390 2660 1406 2688 ,
1481 2627 1566 2690 uia
1602 2638 1735 2676 terra
1766 2638 1957 2676 ventos*

216 2693 332 2741 s'inu
363 2690 627 2750 continet,
673 2692 761 2758 qui
796 2709 937 2742 erum
981 2702 1075 2740 unt
1116 2690 1240 2740 inde
1276 2707 1395 2741 cum
1460 2705 1646 2760 ragore
1683 2707 1694 2738 τ
1737 2691 1959 2739 aderant

217 2756 408 2806 circum
444 2753 628 2804 belluae
654 2772 667 2803 ι
695 2773 844 2805 curru
872 2773 936 2805 ve
963 2761 1188 2817 ebatur,
1228 2771 1383 2822 quem
1425 2753 1700 2814 trahebant
1729 2752 1909 2805 leones
1933 2771 1952 2803 ε’

217 2809 372 2889 ἐᾶρυῑ
404 2819 617 2869 floribus
638 2854 652 2883 ‚
685 2819 977 2895 plantisque
991 2855 1005 2883 ,
1039 2819 1230 2887 saepius
1252 2818 1498 2880 coronass
1518 2818 1743 2868 turribus
1763 2830 1816 2868 et
1835 2835 1955 2868 mu1

218 2885 393 2936 rorum
412 2883 583 2953 Pinuis
603 2882 848 2945 conflata,
863 2885 1186 2959 angebatur.
1203 2885 1241 2936 J
1244 2883 1396 2932 unior
1407 2882 1570 2935 vesta
1583 2882 1695 2950 igni
1708 2894 1959 2949 praeerat,

169 3004 178 3010 ,
218 2952 370 3018 eique
401 2965 541 2998 aram
571 2946 750 2998 Numa
779 2947 1065 3016 Pompilius
1087 2947 1457 3012 consecravit,
1486 2959 1540 2996 et
1568 2948 1744 3014 ignem
1764 2947 1834 3014 ‘a
1864 2964 1952 2996 ara

215 3031 308 3083 per
347 3025 521 3063 etuum
546 3012 707 3060 foveri
737 3012 882 3074 iussit
904 3046 919 3075 ,
943 3014 1088 3077 cujus
1109 3010 1283 3062 alendi
1303 3029 1476 3061 curam
1499 3012 1576 3060 vir
1614 3011 1787 3061 inibus
1811 3013 1960 3074 Vesss·

217 3033 407 3156 tplissus
430 3075 762 3136 demandavit
808 3076 864 3125 Si
892 3092 1016 3134 casu
1034 3077 1424 3145 extingueretur
1448 3111 1464 3139 ‚
1498 3076 1561 3138 in,
1593 3076 1824 3125 icebatur
1852 3076 1959 3140 jus-

189 3146 384 3193 “ntium
413 3177 427 3205 ,
483 3152 534 3191 et
568 3140 805 3209 publica,
864 3141 1157 3208 ›rivatafflue
1178 3142 1390 3207 negotia
1426 3138 1906 3204 intermittebantur
1931 3175 1956 3204 ,.

218 3207 387 3257 donec
451 3205 708 3282 rodigium
736 3157 866 3278 illud
889 3204 1172 3254 inlaustum
1191 3239 1204 3260 ‚
1229 3222 1258 3254 e
1330 3205 1492 3253 iatum
1515 3203 1692 3268 fuisset
1715 3199 1802 3252 z'si
1820 3204 1961 3255 Ves-

218 3272 401 3325 talium
414 3224 653 3331 incuria,
692 3269 916 3338 graviter
941 3267 995 3320 'm
1011 3284 1099 3321 eas
1117 3223 1643 3338 mxim'zffiyertebatur.
1661 3267 1960 3330 Quotannis

1322 3397 1335 3414 N
1584 3333 1624 3392 s
1660 3331 1725 3393 6³

845 3428 865 3456 ί
