2272 3937
362 239 477 309 224
795 232 876 293 D.
919 223 1659 295 J.JUVENAL13
1748 222 1757 230 ’

361 334 625 394 Diducit
670 335 999 414 scopulos,
1032 345 1095 395 et
1122 349 1407 394 montem
1433 335 1672 412 rumpit
1712 346 1915 395 scete.

360 419 500 474 Jam
526 428 702 474 tenet
715 413 990 488 Italiam3
1025 430 1238 474 tamen
1263 414 1430 472 ultra
1447 417 1712 493 pergere
1738 414 1961 475 tendit.

227 508 250 546 ι
267 486 340 547 55
364 495 596 554 Actum
611 496 863 576 „inquit
879 535 900 574 7
921 494 1077 553 nihil
1100 508 1225 564 est,
1250 494 1316 552 ni
1336 495 1535 553 Poeno
1570 493 1766 554 milite
1796 509 2022 574 portas

363 575 523 635 Fran
533 573 730 653 gimus
750 618 768 644 ‚
794 588 859 633 et
880 575 1087 635 media
1111 572 1411 635 vexillum
1428 593 1604 652 pono
1629 573 1931 635 suburra.

364 653 629 735 Oqualis
657 651 846 714 facies
871 701 887 725 ‚
912 655 976 714 et
1001 652 1172 735 quali
1196 651 1383 733 digna
1414 650 1665 723 tabella,

364 733 529 791 Ciam
565 732 814 792 Gaetula
839 735 1091 794 Ducem
1111 748 1397 812 portaret
1425 731 1632 791 bellua
1661 732 1940 792 luscum!

374 811 590 872 Exitus
621 832 768 894 ergo
797 814 935 894 quis
962 829 1055 873 est
1081 817 1103 875 ?
1135 811 1412 895 ngoria
1439 817 1452 870 Ξ
1481 813 1772 872 Vincitur
1789 811 1968 871 idem·

227 881 343 943 160
376 892 626 973 Nempe
670 937 685 963 ‚
711 907 777 951 et
818 896 882 951 in
929 891 1216 954 exsilium
1248 911 1534 973 praeceps
1568 890 1758 974 fugit,
1787 906 1979 973 atque
2024 890 2107 950 ibi

599 993 859 1052 magnus
881 1017 899 1047 ‚
1016 1009 1042 1028 2.

329 1102 338 1110 ⁶
368 1126 519 1179 rupes
553 1123 699 1165 cocto
732 1113 950 1176 dividit,
983 1113 1348 1181 montibusque
1371 1112 1591 1187 diruptis
1619 1112 1837 1161 Italiam
1868 1122 2108 1177 occupat.

367 1179 488 1225 Non
523 1177 609 1227 hic
640 1187 819 1227 tamen
854 1178 1026 1228 sistit.-
1057 1179 1250 1227 Parum
1282 1211 1297 1240 ,
1333 1178 1555 1243 inquit,
1610 1177 1966 1235 ›ronzovimus,
2009 1178 2115 1226 nisi

359 1241 558 1306 'Romoe
585 1240 891 1306 frangimus
921 1252 1098 1308 portas
1135 1252 1190 1292 et
1213 1242 1419 1296 Punica
1455 1194 1666 1290 veoeiila
1698 1242 1758 1289 in
1795 1234 1967 1290 medio
1989 1240 2110 1303 foro

359 1305 587 1353 “victores
622 1307 915 1371 defigimus.
977 1305 1025 1354 Ο
1042 1306 1244 1371 faciem
1343 1306 1659 1355 ectandam!
1695 1320 1724 1351 o
1765 1303 1985 1368 dignum
2017 1307 2113 1371 qui

360 1369 668 1436 pingeretur
688 1405 703 1430 ,
731 1369 1028 1419 Annibalis
1066 1370 1293 1433 coclitis,
1330 1370 1609 1418 ttzsz'dehtis
1643 1369 1925 1443 elephanto
1948 1401 1964 1430 ‚
1986 1368 2108 1418 vul-

371 1443 482 1480 tum
505 1434 527 1480 ,²
566 1433 685 1499 Quo
712 1436 922 1483 demum
945 1435 1136 1498 evadet
1151 1436 1237 1484 vir
1261 1444 1439 1483 tantus
1458 1468 1475 1497 ,
1511 1436 1615 1499 quo
1635 1433 1868 1482 resident
1899 1441 1973 1481 tot
1991 1450 2113 1481 con-

369 1497 495 1544 silia
511 1532 526 1555 ‚
546 1507 620 1547 tot
635 1499 825 1565 praelia
842 1532 860 1557 ,
875 1508 948 1548 tot
964 1499 1232 1556 viciorioe?
1255 1499 1303 1551 0
1319 1499 1571 1547 humanae
1583 1495 1767 1561 gloriae
1785 1498 2105 1546 vanitatem!

363 1560 521 1613 ,Idem
545 1560 641 1611 ille
683 1566 776 1628 qui
804 1564 1115 1627 Romaejam
1147 1562 1486 1621 imminebat,
1512 1562 1772 1621 vincitur,
1786 1557 1966 1624 sugit,
1989 1562 2110 1626 pel·
2140 1589 2143 1590 ν
2178 1565 2181 1568 ’

363 1621 500 1704 ’ζέων
541 1627 598 1675 ἰη
625 1626 876 1676 eaesilt‘um
902 1662 918 1688 ,
954 1636 1009 1676 et
1037 1627 1113 1675 ad
1154 1628 1323 1693 regias
1341 1625 1486 1691 sbres
1515 1640 1739 1691 magnus
1775 1625 1944 1674 cliens
1981 1625 2115 1675 assi-

442 1749 550 1800 153.
574 1753 765 1801 Aceto.
791 1750 1022 1802 Annibal
1040 1750 1208 1800 invias
1272 1762 1329 1799 ut
1355 1750 1638 1800 haerentem
1668 1749 1725 1798 iu
1746 1742 1916 1803 Italiae
1942 1749 2109 1801 visce-
2125 1770 2135 1777 ·

369 1811 588 1880 Alpium
609 1831 763 1883 rupes
777 1849 792 1878 ‚
814 1814 1037 1864 excitato
1064 1830 1094 1862 e
1129 1814 1206 1863 vi·
1271 1814 1416 1863 ribus
1435 1813 1751 1863 Annibalem
1770 1812 2113 1878 abstraheret,

373 1878 505 1928 cinis
529 1878 799 1929 arboribus
830 1879 983 1946 igne,
1006 1878 1207 1928 infuso-
1272 1878 1329 1926 in
1352 1879 1581 1927 Africam
1617 1888 1933 1942 transportat
1960 1894 2107 1926 exer-

373 1957 476 2010 que
509 1942 645 1992 saxis
687 1942 989 1994 ardentibus
1023 1953 1210 2006 aceto,

414 2005 690 2083 utrefecit3
734 2007 1055 2074 dis‘ecitque.
1095 2006 1209 2057 Tit.

425 2070 587 2135 ‘vius,
622 2072 745 2123 Lib.
834 2072 936 2121 XI.

440 2136 739 2186 155.Paeno.
756 2135 1214 2211 Carthaginienses

370 2198 526 2252 Poeni
550 2200 672 2250 dicti
698 2211 817 2250 sunt
836 2216 983 2265 quast
1001 2199 1217 2267 Bhoeni·

374 2263 657 2313 Ducebant
674 2264 815 2316 enim
832 2279 862 2312 a
876 2261 1218 2314 Phoenicibus

371 2326 649 2456 οτίξὲἓιειιι.
680 2328 837 2395 Virg.
869 2325 991 2376 Lib.
1015 2327 1041 2376 1
1061 2327 1206 2377 AEn.

371 2407 427 2443 v.
553 2426 565 2440 .
607 2428 610 2433 .

1275 1943 1434 1992 citum
1466 1957 1605 1993 anno
1627 1941 1703 1992 U.
1727 1940 1790 1991 C.
1813 1941 1908 2009 549
1924 1977 1938 2002 ‚
1964 1940 2116 1992 victis

1274 2006 1577 2070 Hannone',
1611 2004 1851 2073 Syphace
1870 2040 1886 2068 ,
1912 2006 2113 2055 Asdru-

1276 2069 1397 2120 bale
1415 2105 1430 2133 ‚
1452 2072 1621 2147 ipsum
1644 2069 1959 2120 Annibalem
1983 2105 1998 2129 ,
2024 2071 2113 2136 qui

1278 2150 1342 2184 ex
1365 2134 1517 2185 Italia
1542 2135 1763 2184 redierat
1784 2134 1838 2183 in
1857 2134 2108 2201 patriam,
2132 2191 2136 2194 Α
2210 2119 2215 2123 ’

1276 2195 1448 2248 fundit
1462 2197 1513 2249 fu
1521 2212 1708 2265 «satque
1719 2233 1735 2261 2
1753 2214 1812 2247 ac
1825 2197 2113 2255 secundum

1277 2261 1478 2312 bellum'
1497 2239 1747 2312 §imit-um
1772 2262 2061 2329 componi—Q

1336 2326 1446 2377 160.
1471 2330 1539 2377 In
1565 2328 1811 2377 ems-ilium
1830 2360 1845 2389 ,
1872 2336 1971 2376 etc.
1988 2327 2099 2376 An-

1267 2389 1413 2439 nibal
1437 2407 1467 2440 a
1493 2391 1738 2458 Scipione
1758 2390 1922 2438 victus
1944 2424 1958 2450 ,
1987 2390 2104 2440 ciun

442 2455 552 2506 156.
581 2454 829 2504 Saburra.
847 2452 955 2505 Sat.
973 2454 1089 2519 111,
1107 2469 1208 2504 no·
1270 2452 1488 2504 suadere
1531 2471 1719 2522 pacem
1759 2452 1960 2503 civibus
2002 2455 2109 2504 suis

359 2528 426 2568 sa
454 2519 716 2568 Suburrae.

446 2584 553 2634 158.
601 2581 817 2632 Gaetula
852 2580 1052 2632 bellua.
1086 2580 1210 2631 Ele-

376 2649 513 2719 phas
531 2646 798 2697 Gaetulus.'

438 2713 691 2762 Luscum.
727 2711 858 2760 Gum
893 2722 1215 2780 penetrasset

375 2776 434 2826 in
463 2776 667 2826 Italiam
708 2775 978 2839 Annibal,
1019 2775 1215 2843 vigiliis

377 2851 434 2891 et
462 2842 719 2890 nocturno
741 2839 961 2896 humore
987 2874 1001 2901 ‚
1036 2839 1210 2906 palus-

299 2932 310 2941 κ
375 2902 547 2970 trique
574 2905 709 2954 circa
735 2901 950 2953 fluvium
973 2905 1174 2952 Arnum
1196 2937 1211 2965 ,

378 2968 472 3043 qui
502 2967 861 3034 stagnantibus
890 2967 1034 3034 aquis
1057 2968 1211 3015 Etru-

376 3048 508 3081 riam
537 3031 878 3080 inundaverat
897 3064 912 3092 ,
946 3030 1083 3079 coelo
1126 3046 1212 3081 ca·-

378 3107 474 3164 put
515 3106 760 3164 gravante
786 3128 802 3156 ‚
844 3093 999 3143 oculo
1050 3093 1214 3143 altero

352 3172 559 3228 ·captus
579 3169 675 3210 est.
701 3158 817 3209 Liv.
851 3158 972 3208 Lib.
999 3159 1183 3208 XXII.

447 3224 555 3293 ¹59·
584 3223 859 3290 Wncitur,
882 3233 979 3274 etc.
1003 3222 1180 3292 Scipio
1198 3257 1215 3289 ‚

1273 2533 1381 2566 non
1425 2530 1635 2584 posset,
1684 2516 1818 2585 fugit
1863 2516 1999 2566 clam
2047 2518 2121 2569 ad'
2148 2552 2155 2557 -

1275 2581 1595 2632 Antiochum
1650 2582 1816 2647 Syriae
1861 2581 2067 2648 Regem
2091 2616 2108 2646 ,

1274 2644 1400 2695 iude
1436 2646 1503 2702 ad
1531 2647 1765 2696 Prusiam
1788 2645 1996 2712 Regem
2024 2647 2109 2698 Bi-

1275 2709 1475 2776 thyniae
1492 2746 1507 2775 ‚
1534 2712 1587 2769 iu
1611 2707 1803 2759 minori
1823 2708 1951 2759 Asia
1978 2725 1992 2757 z
2021 2709 2113 2760 sed

1276 2774 1393 2824 cum
1416 2793 1489 2825 ne·
1503 2775 1577 2824 ibi
1596 2773 1807 2842 quidem
1828 2783 1966 2821 tutus
1987 2790 2111 2825 con-

1276 2840 1479 2890 sisteret
1490 2843 1511 2907 ,“
1525 2838 1782 2889 Romanis
1799 2844 1918 2887 eum
1939 2854 1970 2887 a
1983 2838 2117 2887 Pru·

1276 2904 1354 2953 sia
1383 2903 1735 2971 repetentibus
1756 2937 1770 2963 ,
1805 2902 1973 2951 immo
2005 2904 2115 2967 ejus

1278 2968 1492 3016 domum
1521 2966 1882 3016 obsidentibus
1907 3000 1921 3028 ,
1959 2968 2113 3016 haus·

1277 3042 1335 3080 to
1353 3066 1368 3095 ‚
1398 3030 1540 3099 quod
1572 3030 1805 3079 habebat
1823 3047 2032 3098 semper
2061 3031 2113 3081 in

1278 3108 1523 3163 promptu
1543 3129 1560 3159 ‚
1580 3109 1785 3145 veneno
1800 3095 2114 3164 exspiravit,
2164 3140 2169 3145 .

1280 3169 1431 3215 natus
1448 3173 1611 3210 anuos
1629 3174 1708 3225 70.
