<?xml version="1.0" encoding="UTF-8"?>
<!DOCTYPE html PUBLIC "-//W3C//DTD XHTML 1.0 Transitional//EN"
    "http://www.w3.org/TR/xhtml1/DTD/xhtml1-transitional.dtd">
<html xmlns="http://www.w3.org/1999/xhtml" xml:lang="en" lang="en">
 <head>
  <title>
</title>
<meta http-equiv="Content-Type" content="text/html;charset=utf-8" />
  <meta name='ocr-system' content='tesseract 3.04.00' />
  <meta name='ocr-capabilities' content='ocr_page ocr_carea ocr_par ocr_line ocrx_word'/>
</head>
<body>
  <div class='ocr_page' id='page_1' title='image "./deciijuniijuven03persgoog_0450.png"; bbox 0 0 2272 3937; ppageno 0'>
   <div class='ocr_carea' id='block_1_1' title="bbox 378 190 1815 320">
    <p class='ocr_par' dir='ltr' id='par_1_1' title="bbox 378 190 1815 320">
     <span class='ocr_line' id='line_1_1' title="bbox 378 190 1815 320; baseline -0.001 -19"><span class='ocrx_word' id='word_1_1' title='bbox 378 242 529 320; x_wconf 44' lang='grc' dir='ltr'>κω,</span> <span class='ocrx_word' id='word_1_2' title='bbox 743 198 1519 301; x_wconf 66' lang='grc' dir='ltr'><strong>ΑΡΡΕΝΠΙΧὺΕ</strong></span> <span class='ocrx_word' id='word_1_3' title='bbox 1586 190 1815 300; x_wconf 73' lang='lat' dir='ltr'>Dus</span> 
     </span>
    </p>
   </div>
   <div class='ocr_carea' id='block_1_2' title="bbox 385 339 2219 2073">
    <p class='ocr_par' dir='ltr' id='par_1_2' title="bbox 385 339 2219 2073">
     <span class='ocr_line' id='line_1_2' title="bbox 403 339 2161 416; baseline -0.002 -25"><span class='ocrx_word' id='word_1_4' title='bbox 403 341 592 416; x_wconf 67' lang='lat' dir='ltr'>nibus²</span> <span class='ocrx_word' id='word_1_5' title='bbox 627 357 783 408; x_wconf 86' lang='lat' dir='ltr'>quem</span> <span class='ocrx_word' id='word_1_6' title='bbox 800 341 1048 391; x_wconf 85' lang='lat' dir='ltr'>Titanem</span> <span class='ocrx_word' id='word_1_7' title='bbox 1072 374 1088 403; x_wconf 88' lang='lat'>,</span> <span class='ocrx_word' id='word_1_8' title='bbox 1124 352 1178 391; x_wconf 90' lang='lat' dir='ltr'>et</span> <span class='ocrx_word' id='word_1_9' title='bbox 1196 341 1251 390; x_wconf 83' lang='lat' dir='ltr'>H</span> <span class='ocrx_word' id='word_1_10' title='bbox 1329 342 1562 394; x_wconf 80' lang='lat' dir='ltr'>ctionem</span> <span class='ocrx_word' id='word_1_11' title='bbox 1581 341 1841 390; x_wconf 74' lang='lat' dir='ltr'>dixerunt.</span> <span class='ocrx_word' id='word_1_12' title='bbox 1878 339 2049 388; x_wconf 84' lang='lat' dir='ltr'>Hunc</span> <span class='ocrx_word' id='word_1_13' title='bbox 2071 339 2161 388; x_wconf 82' lang='lat' dir='ltr'>alii</span> 
     </span>
     <span class='ocr_line' id='line_1_3' title="bbox 385 402 2154 473; baseline -0.005 -14"><span class='ocrx_word' id='word_1_14' title='bbox 385 405 548 459; x_wconf 74' lang='lat' dir='ltr'>,Solis</span> <span class='ocrx_word' id='word_1_15' title='bbox 572 406 734 472; x_wconf 76' lang='lat' dir='ltr'>ipsius</span> <span class='ocrx_word' id='word_1_16' title='bbox 757 418 959 472; x_wconf 75' lang='lat' dir='ltr'>patrem</span> <span class='ocrx_word' id='word_1_17' title='bbox 986 404 1205 454; x_wconf 65' lang='lat' dir='ltr'>faciunt.</span> <span class='ocrx_word' id='word_1_18' title='bbox 1278 405 1414 455; x_wconf 84' lang='lat' dir='ltr'>olem</span> <span class='ocrx_word' id='word_1_19' title='bbox 1438 405 1690 473; x_wconf 62' lang='lat' dir='ltr'>Angypaeii</span> <span class='ocrx_word' id='word_1_20' title='bbox 1728 404 1949 453; x_wconf 86' lang='lat' dir='ltr'>Horum</span> <span class='ocrx_word' id='word_1_21' title='bbox 1984 402 2154 470; x_wconf 87' lang='lat' dir='ltr'>appel-</span> 
     </span>
     <span class='ocr_line' id='line_1_4' title="bbox 406 466 2154 534; baseline -0.002 -16"><span class='ocrx_word' id='word_1_22' title='bbox 406 468 619 532; x_wconf 75' lang='lat' dir='ltr'>Jabant3</span> <span class='ocrx_word' id='word_1_23' title='bbox 638 469 832 531; x_wconf 83' lang='lat' dir='ltr'>Persae,</span> <span class='ocrx_word' id='word_1_24' title='bbox 856 469 1126 518; x_wconf 85' lang='lat' dir='ltr'>Mithram.</span> <span class='ocrx_word' id='word_1_25' title='bbox 1154 471 1217 518; x_wconf 86' lang='lat' dir='ltr'>In</span> <span class='ocrx_word' id='word_1_26' title='bbox 1243 469 1387 519; x_wconf 84' lang='lat' dir='ltr'>terris</span> <span class='ocrx_word' id='word_1_27' title='bbox 1402 470 1525 519; x_wconf 81' lang='lat' dir='ltr'>vero</span> <span class='ocrx_word' id='word_1_28' title='bbox 1546 478 1701 519; x_wconf 82' lang='lat' dir='ltr'>edere</span> <span class='ocrx_word' id='word_1_29' title='bbox 1723 468 1891 534; x_wconf 88' lang='lat' dir='ltr'>coepit</span> <span class='ocrx_word' id='word_1_30' title='bbox 1912 466 2121 518; x_wconf 81' lang='lat' dir='ltr'>oracula</span> <span class='ocrx_word' id='word_1_31' title='bbox 2137 501 2154 526; x_wconf 86' lang='lat'>‚</span> 
     </span>
     <span class='ocr_line' id='line_1_5' title="bbox 411 530 2150 600; baseline -0.002 -17"><span class='ocrx_word' id='word_1_32' title='bbox 411 534 702 600; x_wconf 79' lang='lat' dir='ltr'>praesertim</span> <span class='ocrx_word' id='word_1_33' title='bbox 743 533 965 599; x_wconf 83' lang='lat' dir='ltr'><strong>Delphis</strong></span> <span class='ocrx_word' id='word_1_34' title='bbox 988 569 1003 594; x_wconf 88' lang='lat'>‚</span> <span class='ocrx_word' id='word_1_35' title='bbox 1043 533 1136 581; x_wconf 85' lang='lat' dir='ltr'>ubi</span> <span class='ocrx_word' id='word_1_36' title='bbox 1162 535 1404 583; x_wconf 79' lang='lat' dir='ltr'>sacerdos</span> <span class='ocrx_word' id='word_1_37' title='bbox 1435 548 1684 600; x_wconf 87' lang='lat' dir='ltr'>responsa</span> <span class='ocrx_word' id='word_1_38' title='bbox 1721 531 1883 595; x_wconf 81' lang='lat' dir='ltr'>dabat</span> <span class='ocrx_word' id='word_1_39' title='bbox 1923 530 2150 581; x_wconf 81' lang='lat' dir='ltr'>insidens</span> 
     </span>
     <span class='ocr_line' id='line_1_6' title="bbox 409 594 2219 708; baseline -0.001 -63"><span class='ocrx_word' id='word_1_40' title='bbox 409 598 613 646; x_wconf 82' lang='lat' dir='ltr'>cortine</span> <span class='ocrx_word' id='word_1_41' title='bbox 638 632 653 660; x_wconf 90' lang='lat'>,</span> <span class='ocrx_word' id='word_1_42' title='bbox 683 598 795 647; x_wconf 79' lang='lat' dir='ltr'>sive</span> <span class='ocrx_word' id='word_1_43' title='bbox 811 597 1009 664; x_wconf 83' lang='lat' dir='ltr'>tripodi</span> <span class='ocrx_word' id='word_1_44' title='bbox 1021 607 1161 646; x_wconf 84' lang='lat' dir='ltr'>tecto</span> <span class='ocrx_word' id='word_1_45' title='bbox 1176 596 1315 665; x_wconf 87' lang='lat' dir='ltr'>pelle</span> <span class='ocrx_word' id='word_1_46' title='bbox 1334 597 1587 662; x_wconf 84' lang='lat' dir='ltr'>serpentis</span> <span class='ocrx_word' id='word_1_47' title='bbox 1607 595 1863 708; x_wconf 52' lang='lat' dir='ltr'>Pyighonis</span> <span class='ocrx_word' id='word_1_48' title='bbox 1890 629 1906 657; x_wconf 93' lang='lat'>‚</span> <span class='ocrx_word' id='word_1_49' title='bbox 1947 595 2077 643; x_wconf 85' lang='lat' dir='ltr'>olim</span> <span class='ocrx_word' id='word_1_50' title='bbox 2093 594 2148 643; x_wconf 81' lang='lat' dir='ltr'>ab</span> <span class='ocrx_word' id='word_1_51' title='bbox 2202 627 2219 634; x_wconf 69' lang='lat'><em>-</em></span> 
     </span>
     <span class='ocr_line' id='line_1_7' title="bbox 411 659 2152 732; baseline -0.002 -22"><span class='ocrx_word' id='word_1_52' title='bbox 411 660 663 727; x_wconf 63' lang='lat' dir='ltr'>=Apolline</span> <span class='ocrx_word' id='word_1_53' title='bbox 704 661 979 711; x_wconf 78' lang='lat' dir='ltr'><strong>interfecti.</strong></span> <span class='ocrx_word' id='word_1_54' title='bbox 1020 661 1380 732; x_wconf 70' lang='lat' dir='ltr'>Metamorph.</span> <span class='ocrx_word' id='word_1_55' title='bbox 1423 660 1545 711; x_wconf 85' lang='lat' dir='ltr'><em>Lib.</em></span> <span class='ocrx_word' id='word_1_56' title='bbox 1581 678 1625 709; x_wconf 86' lang='lat'>1.</span> <span class='ocrx_word' id='word_1_57' title='bbox 1707 659 1931 709; x_wconf 70' lang='lat' dir='ltr'>raetereit</span> <span class='ocrx_word' id='word_1_58' title='bbox 1960 659 2152 707; x_wconf 80' lang='lat' dir='ltr'>invenit</span> 
     </span>
     <span class='ocr_line' id='line_1_8' title="bbox 411 722 2144 792; baseline -0.004 -15"><span class='ocrx_word' id='word_1_59' title='bbox 411 736 576 777; x_wconf 74' lang='lat' dir='ltr'>artem</span> <span class='ocrx_word' id='word_1_60' title='bbox 608 724 862 787; x_wconf 82' lang='lat' dir='ltr'>canendi,</span> <span class='ocrx_word' id='word_1_61' title='bbox 901 736 955 774; x_wconf 91' lang='lat' dir='ltr'>et</span> <span class='ocrx_word' id='word_1_62' title='bbox 972 726 1243 790; x_wconf 81' lang='lat' dir='ltr'>Marsyam</span> <span class='ocrx_word' id='word_1_63' title='bbox 1267 737 1495 792; x_wconf 80' lang='lat' dir='ltr'>satyrum</span> <span class='ocrx_word' id='word_1_64' title='bbox 1513 757 1529 787; x_wconf 89' lang='lat'>,</span> <span class='ocrx_word' id='word_1_65' title='bbox 1565 742 1593 773; x_wconf 86' lang='lat' dir='ltr'>a</span> <span class='ocrx_word' id='word_1_66' title='bbox 1618 740 1724 791; x_wconf 87' lang='lat' dir='ltr'>quo</span> <span class='ocrx_word' id='word_1_67' title='bbox 1752 722 1927 772; x_wconf 85' lang='lat' dir='ltr'>fuerat</span> <span class='ocrx_word' id='word_1_68' title='bbox 2000 738 2144 771; x_wconf 80' lang='lat' dir='ltr'>rovo-</span> 
     </span>
     <span class='ocr_line' id='line_1_9' title="bbox 409 786 2146 864; baseline 0 -28"><span class='ocrx_word' id='word_1_69' title='bbox 409 798 586 848; x_wconf 71' lang='lat' dir='ltr'>catus,</span> <span class='ocrx_word' id='word_1_70' title='bbox 623 788 817 839; x_wconf 50' lang='lat' dir='ltr'>victum</span> <span class='ocrx_word' id='word_1_71' title='bbox 852 789 1142 851; x_wconf 74' lang='lat' dir='ltr'>cantando,</span> <span class='ocrx_word' id='word_1_72' title='bbox 1178 791 1328 839; x_wconf 70' lang='lat' dir='ltr'>,exuit</span> <span class='ocrx_word' id='word_1_73' title='bbox 1356 788 1510 864; x_wconf 84' lang='lat' dir='ltr'>pelle.</span> <span class='ocrx_word' id='word_1_74' title='bbox 1549 788 1911 853; x_wconf 71' lang='lat' dir='ltr'>Metamorph.</span> <span class='ocrx_word' id='word_1_75' title='bbox 1996 788 2069 835; x_wconf 84' lang='lat' dir='ltr'>ib.</span> <span class='ocrx_word' id='word_1_76' title='bbox 2102 786 2146 836; x_wconf 90' lang='lat'>6.</span> 
     </span>
     <span class='ocr_line' id='line_1_10' title="bbox 412 851 2153 920; baseline -0.001 -20"><span class='ocrx_word' id='word_1_77' title='bbox 412 851 670 902; x_wconf 83' lang='lat' dir='ltr'>Eamdem</span> <span class='ocrx_word' id='word_1_78' title='bbox 699 852 922 902; x_wconf 81' lang='lat' dir='ltr'>canendi</span> <span class='ocrx_word' id='word_1_79' title='bbox 954 862 1115 903; x_wconf 74' lang='lat' dir='ltr'>artem</span> <span class='ocrx_word' id='word_1_80' title='bbox 1153 865 1207 903; x_wconf 88' lang='lat' dir='ltr'>et</span> <span class='ocrx_word' id='word_1_81' title='bbox 1234 855 1435 920; x_wconf 65' lang='lat' dir='ltr'>poesim</span> <span class='ocrx_word' id='word_1_82' title='bbox 1465 852 1644 902; x_wconf 88' lang='lat' dir='ltr'>docuit</span> <span class='ocrx_word' id='word_1_83' title='bbox 1670 853 1893 911; x_wconf 70' lang='lat' dir='ltr'>Musas,</span> <span class='ocrx_word' id='word_1_84' title='bbox 1929 852 1967 901; x_wconf 87' lang='lat' dir='ltr'><strong>J</strong></span> <span class='ocrx_word' id='word_1_85' title='bbox 1972 851 2084 900; x_wconf 76' lang='lat' dir='ltr'>ovis</span> <span class='ocrx_word' id='word_1_86' title='bbox 2104 861 2153 899; x_wconf 77' lang='lat' dir='ltr'>et</span> 
     </span>
     <span class='ocr_line' id='line_1_11' title="bbox 412 911 2146 982; baseline -0.001 -19"><span class='ocrx_word' id='word_1_87' title='bbox 412 915 661 966; x_wconf 81' lang='lat' dir='ltr'>Mnemos</span> <span class='ocrx_word' id='word_1_88' title='bbox 738 932 793 966; x_wconf 89' lang='lat' dir='ltr'>es</span> <span class='ocrx_word' id='word_1_89' title='bbox 825 915 975 965; x_wconf 73' lang='lat' dir='ltr'>filias·-</span> <span class='ocrx_word' id='word_1_90' title='bbox 1022 915 1079 966; x_wconf 89' lang='lat' dir='ltr'>N</span> <span class='ocrx_word' id='word_1_91' title='bbox 1083 933 1235 966; x_wconf 80' lang='lat' dir='ltr'>ovem</span> <span class='ocrx_word' id='word_1_92' title='bbox 1268 927 1600 968; x_wconf 82' lang='lat' dir='ltr'>recensentur</span> <span class='ocrx_word' id='word_1_93' title='bbox 1621 944 1638 977; x_wconf 75' lang='lat'>,</span> <span class='ocrx_word' id='word_1_94' title='bbox 1668 911 1945 982; x_wconf 87' lang='lat' dir='ltr'>Calliope,</span> <span class='ocrx_word' id='word_1_95' title='bbox 1995 914 2146 977; x_wconf 87' lang='lat' dir='ltr'>Clio,</span> 
     </span>
     <span class='ocr_line' id='line_1_12' title="bbox 412 977 2152 1045; baseline 0.001 -19"><span class='ocrx_word' id='word_1_96' title='bbox 412 978 574 1041; x_wconf 84' lang='lat' dir='ltr'>Erato</span> <span class='ocrx_word' id='word_1_97' title='bbox 594 1014 611 1041; x_wconf 91' lang='lat'>‚</span> <span class='ocrx_word' id='word_1_98' title='bbox 689 979 856 1042; x_wconf 76' lang='lat' dir='ltr'>halin,</span> <span class='ocrx_word' id='word_1_99' title='bbox 893 977 990 1028; x_wconf 88' lang='lat' dir='ltr'>Pol</span> <span class='ocrx_word' id='word_1_100' title='bbox 1029 981 1272 1045; x_wconf 84' lang='lat' dir='ltr'>hymnia,</span> <span class='ocrx_word' id='word_1_101' title='bbox 1304 981 1539 1042; x_wconf 81' lang='lat' dir='ltr'>Urania,</span> <span class='ocrx_word' id='word_1_102' title='bbox 1577 980 1692 1030; x_wconf 86' lang='lat' dir='ltr'>Mel</span> <span class='ocrx_word' id='word_1_103' title='bbox 1733 995 1924 1030; x_wconf 88' lang='lat' dir='ltr'>omene</span> <span class='ocrx_word' id='word_1_104' title='bbox 1943 1013 1960 1041; x_wconf 88' lang='lat'>‚</span> <span class='ocrx_word' id='word_1_105' title='bbox 1988 980 2152 1045; x_wconf 85' lang='lat' dir='ltr'>Terp-</span> 
     </span>
     <span class='ocr_line' id='line_1_13' title="bbox 413 1042 2145 1110; baseline -0.001 -19"><span class='ocrx_word' id='word_1_106' title='bbox 413 1042 621 1093; x_wconf 74' lang='lat' dir='ltr'>sichore</span> <span class='ocrx_word' id='word_1_107' title='bbox 637 1079 654 1106; x_wconf 89' lang='lat'>,</span> <span class='ocrx_word' id='word_1_108' title='bbox 697 1045 831 1093; x_wconf 89' lang='lat' dir='ltr'>Eute</span> <span class='ocrx_word' id='word_1_109' title='bbox 896 1059 942 1093; x_wconf 92' lang='lat' dir='ltr'>e.</span> <span class='ocrx_word' id='word_1_110' title='bbox 1015 1060 1279 1094; x_wconf 85' lang='lat' dir='ltr'>amassum</span> <span class='ocrx_word' id='word_1_111' title='bbox 1300 1046 1401 1094; x_wconf 62' lang='lat' dir='ltr'>una</span> <span class='ocrx_word' id='word_1_112' title='bbox 1419 1062 1536 1094; x_wconf 90' lang='lat' dir='ltr'>cum</span> <span class='ocrx_word' id='word_1_113' title='bbox 1557 1044 1696 1110; x_wconf 78' lang='lat' dir='ltr'>Apol</span> <span class='ocrx_word' id='word_1_114' title='bbox 1718 1045 1807 1093; x_wconf 87' lang='lat' dir='ltr'>ine</span> <span class='ocrx_word' id='word_1_115' title='bbox 1825 1042 2145 1093; x_wconf 84' lang='lat' dir='ltr'>incolebant.</span> 
     </span>
     <span class='ocr_line' id='line_1_14' title="bbox 410 1107 2149 1174; baseline 0 -18"><span class='ocrx_word' id='word_1_116' title='bbox 410 1107 768 1174; x_wconf 64' lang='lat' dir='ltr'>Metamowlz.</span> <span class='ocrx_word' id='word_1_117' title='bbox 791 1110 862 1157; x_wconf 79' lang='lat' dir='ltr'>Lz</span> <span class='ocrx_word' id='word_1_118' title='bbox 901 1143 912 1155; x_wconf 92' lang='lat'><strong>.</strong></span> <span class='ocrx_word' id='word_1_119' title='bbox 932 1110 982 1159; x_wconf 86' lang='lat'>5.</span> <span class='ocrx_word' id='word_1_120' title='bbox 1021 1110 1228 1159; x_wconf 77' lang='lat' dir='ltr'>InterA</span> <span class='ocrx_word' id='word_1_121' title='bbox 1269 1109 1442 1158; x_wconf 81' lang='lat' dir='ltr'>ollinis</span> <span class='ocrx_word' id='word_1_122' title='bbox 1460 1109 1595 1157; x_wconf 81' lang='lat' dir='ltr'>filios</span> <span class='ocrx_word' id='word_1_123' title='bbox 1610 1107 1902 1158; x_wconf 83' lang='lat' dir='ltr'>celebratur</span> <span class='ocrx_word' id='word_1_124' title='bbox 1914 1107 2149 1156; x_wconf 67' lang='lat' dir='ltr'>Phaeton</span> 
     </span>
     <span class='ocr_line' id='line_1_15' title="bbox 412 1170 2147 1239; baseline -0.001 -20"><span class='ocrx_word' id='word_1_125' title='bbox 412 1172 501 1236; x_wconf 89' lang='lat' dir='ltr'>qui</span> <span class='ocrx_word' id='word_1_126' title='bbox 525 1183 797 1237; x_wconf 86' lang='lat' dir='ltr'>paternum</span> <span class='ocrx_word' id='word_1_127' title='bbox 818 1188 1018 1222; x_wconf 86' lang='lat' dir='ltr'>currum</span> <span class='ocrx_word' id='word_1_128' title='bbox 1033 1206 1050 1233; x_wconf 91' lang='lat'>‚</span> <span class='ocrx_word' id='word_1_129' title='bbox 1073 1183 1237 1222; x_wconf 87' lang='lat' dir='ltr'>temer</span> <span class='ocrx_word' id='word_1_130' title='bbox 1287 1173 1572 1239; x_wconf 84' lang='lat' dir='ltr'>expetitum</span> <span class='ocrx_word' id='word_1_131' title='bbox 1588 1207 1602 1230; x_wconf 89' lang='lat'>‚</span> <span class='ocrx_word' id='word_1_132' title='bbox 1621 1173 1737 1220; x_wconf 77' lang='lat' dir='ltr'>cum</span> <span class='ocrx_word' id='word_1_133' title='bbox 1761 1170 1900 1220; x_wconf 79' lang='lat' dir='ltr'>male</span> <span class='ocrx_word' id='word_1_134' title='bbox 1926 1182 2147 1239; x_wconf 80' lang='lat' dir='ltr'>regeret,</span> 
     </span>
     <span class='ocr_line' id='line_1_16' title="bbox 413 1235 2149 1301; baseline 0.001 -19"><span class='ocrx_word' id='word_1_135' title='bbox 413 1249 442 1282; x_wconf 84' lang='lat' dir='ltr'>a</span> <span class='ocrx_word' id='word_1_136' title='bbox 454 1235 591 1284; x_wconf 89' lang='lat' dir='ltr'>Jove</span> <span class='ocrx_word' id='word_1_137' title='bbox 607 1252 897 1301; x_wconf 82' lang='lat' dir='ltr'>percussus,</span> <span class='ocrx_word' id='word_1_138' title='bbox 917 1249 969 1287; x_wconf 89' lang='lat' dir='ltr'>et</span> <span class='ocrx_word' id='word_1_139' title='bbox 988 1238 1043 1287; x_wconf 90' lang='lat' dir='ltr'>in</span> <span class='ocrx_word' id='word_1_140' title='bbox 1056 1237 1340 1287; x_wconf 81' lang='lat' dir='ltr'>Eridanum</span> <span class='ocrx_word' id='word_1_141' title='bbox 1359 1237 1659 1285; x_wconf 78' lang='lat' dir='ltr'>deturbatus</span> <span class='ocrx_word' id='word_1_142' title='bbox 1672 1248 1768 1286; x_wconf 83' lang='lat' dir='ltr'>est.</span> <span class='ocrx_word' id='word_1_143' title='bbox 1784 1236 1911 1298; x_wconf 84' lang='lat' dir='ltr'>Ejus</span> <span class='ocrx_word' id='word_1_144' title='bbox 1927 1251 2149 1293; x_wconf 80' lang='lat' dir='ltr'>sorores,</span> 
     </span>
     <span class='ocr_line' id='line_1_17' title="bbox 411 1296 2150 1367; baseline 0.001 -20"><span class='ocrx_word' id='word_1_145' title='bbox 411 1296 665 1349; x_wconf 83' lang='lat' dir='ltr'>Heliades</span> <span class='ocrx_word' id='word_1_146' title='bbox 684 1300 752 1348; x_wconf 49' lang='lat' dir='ltr'>*in</span> <span class='ocrx_word' id='word_1_147' title='bbox 798 1301 1024 1367; x_wconf 85' lang='lat' dir='ltr'>populos</span> <span class='ocrx_word' id='word_1_148' title='bbox 1071 1311 1306 1351; x_wconf 80' lang='lat' dir='ltr'>mutatae.</span> <span class='ocrx_word' id='word_1_149' title='bbox 1350 1301 1711 1365; x_wconf 77' lang='lat' dir='ltr'>Metamorpk.</span> <span class='ocrx_word' id='word_1_150' title='bbox 1754 1300 1882 1349; x_wconf 74' lang='lat' dir='ltr'><em>Lib.</em></span> <span class='ocrx_word' id='word_1_151' title='bbox 1922 1317 1971 1347; x_wconf 84' lang='lat'>2.</span> <span class='ocrx_word' id='word_1_152' title='bbox 2015 1301 2150 1349; x_wconf 76' lang='lat' dir='ltr'>Inter</span> 
     </span>
     <span class='ocr_line' id='line_1_18' title="bbox 410 1361 2145 1429; baseline 0.001 -18"><span class='ocrx_word' id='word_1_153' title='bbox 410 1361 678 1429; x_wconf 80' lang='lat' dir='ltr'><strong>Apollinis</strong></span> <span class='ocrx_word' id='word_1_154' title='bbox 698 1362 891 1414; x_wconf 80' lang='lat' dir='ltr'>liberos</span> <span class='ocrx_word' id='word_1_155' title='bbox 918 1364 1155 1415; x_wconf 84' lang='lat' dir='ltr'>nonnulli</span> <span class='ocrx_word' id='word_1_156' title='bbox 1177 1375 1450 1415; x_wconf 80' lang='lat' dir='ltr'>numerant</span> <span class='ocrx_word' id='word_1_157' title='bbox 1473 1364 1750 1414; x_wconf 77' lang='lat' dir='ltr'>Auroram.</span> <span class='ocrx_word' id='word_1_158' title='bbox 1790 1363 1932 1413; x_wconf 80' lang='lat' dir='ltr'>Haec</span> <span class='ocrx_word' id='word_1_159' title='bbox 1957 1363 2145 1412; x_wconf 83' lang='lat' dir='ltr'>Titho-</span> 
     </span>
     <span class='ocr_line' id='line_1_19' title="bbox 412 1426 2149 1494; baseline 0.001 -20"><span class='ocrx_word' id='word_1_160' title='bbox 412 1441 535 1474; x_wconf 87' lang='lat' dir='ltr'>num</span> <span class='ocrx_word' id='word_1_161' title='bbox 557 1461 572 1490; x_wconf 91' lang='lat'><strong>,</strong></span> <span class='ocrx_word' id='word_1_162' title='bbox 605 1426 982 1479; x_wconf 83' lang='lat' dir='ltr'>Laomedontis</span> <span class='ocrx_word' id='word_1_163' title='bbox 1011 1429 1210 1491; x_wconf 81' lang='lat' dir='ltr'>filium,</span> <span class='ocrx_word' id='word_1_164' title='bbox 1249 1429 1431 1478; x_wconf 84' lang='lat' dir='ltr'>habuit</span> <span class='ocrx_word' id='word_1_165' title='bbox 1478 1428 1532 1477; x_wconf 90' lang='lat' dir='ltr'>in</span> <span class='ocrx_word' id='word_1_166' title='bbox 1576 1427 1950 1487; x_wconf 83' lang='lat' dir='ltr'>matrimonio,</span> <span class='ocrx_word' id='word_1_167' title='bbox 2002 1429 2149 1494; x_wconf 84' lang='lat' dir='ltr'>eique</span> 
     </span>
     <span class='ocr_line' id='line_1_20' title="bbox 415 1489 2219 1561; baseline 0.001 -20"><span class='ocrx_word' id='word_1_168' title='bbox 415 1489 859 1543; x_wconf 67' lang='lat' dir='ltr'>immortalitatem</span> <span class='ocrx_word' id='word_1_169' title='bbox 899 1510 929 1543; x_wconf 85' lang='lat' dir='ltr'>a</span> <span class='ocrx_word' id='word_1_170' title='bbox 957 1495 1095 1545; x_wconf 85' lang='lat' dir='ltr'><strong>Jove</strong></span> <span class='ocrx_word' id='word_1_171' title='bbox 1120 1492 1450 1561; x_wconf 79' lang='lat' dir='ltr'>impetravit3</span> <span class='ocrx_word' id='word_1_172' title='bbox 1478 1507 1580 1542; x_wconf 83' lang='lat' dir='ltr'>nec</span> <span class='ocrx_word' id='word_1_173' title='bbox 1603 1502 1777 1543; x_wconf 87' lang='lat' dir='ltr'>tamen</span> <span class='ocrx_word' id='word_1_174' title='bbox 1800 1490 2047 1549; x_wconf 70' lang='lat' dir='ltr'>obtinere</span> <span class='ocrx_word' id='word_1_175' title='bbox 2068 1507 2150 1558; x_wconf 84' lang='lat' dir='ltr'>po-</span> <span class='ocrx_word' id='word_1_176' title='bbox 2216 1542 2219 1543; x_wconf 10' lang='grc' dir='ltr'><em>γ</em></span> 
     </span>
     <span class='ocr_line' id='line_1_21' title="bbox 414 1551 2149 1624; baseline 0.001 -22"><span class='ocrx_word' id='word_1_177' title='bbox 414 1556 547 1616; x_wconf 89' lang='lat' dir='ltr'>tuit,</span> <span class='ocrx_word' id='word_1_178' title='bbox 589 1572 657 1605; x_wconf 90' lang='lat' dir='ltr'>ne</span> <span class='ocrx_word' id='word_1_179' title='bbox 690 1570 1005 1609; x_wconf 86' lang='lat' dir='ltr'>senesceret.</span> <span class='ocrx_word' id='word_1_180' title='bbox 1050 1560 1234 1624; x_wconf 86' lang='lat' dir='ltr'>Itaque</span> <span class='ocrx_word' id='word_1_181' title='bbox 1272 1557 1418 1607; x_wconf 89' lang='lat' dir='ltr'>senio</span> <span class='ocrx_word' id='word_1_182' title='bbox 1460 1553 1648 1605; x_wconf 83' lang='lat' dir='ltr'>fractus</span> <span class='ocrx_word' id='word_1_183' title='bbox 1670 1591 1686 1614; x_wconf 93' lang='lat'>,</span> <span class='ocrx_word' id='word_1_184' title='bbox 1741 1555 1797 1602; x_wconf 88' lang='lat' dir='ltr'>in</span> <span class='ocrx_word' id='word_1_185' title='bbox 1832 1551 2073 1604; x_wconf 84' lang='lat' dir='ltr'>cicadam</span> <span class='ocrx_word' id='word_1_186' title='bbox 2102 1566 2149 1603; x_wconf 87' lang='lat' dir='ltr'>ut</span> 
     </span>
     <span class='ocr_line' id='line_1_22' title="bbox 414 1619 2147 1687; baseline 0 -20"><span class='ocrx_word' id='word_1_187' title='bbox 414 1631 697 1668; x_wconf 78' lang='lat' dir='ltr'>mutaretur</span> <span class='ocrx_word' id='word_1_188' title='bbox 719 1622 980 1671; x_wconf 48' lang='lat' dir='ltr'>exoravits</span> <span class='ocrx_word' id='word_1_189' title='bbox 1003 1623 1048 1670; x_wconf 91' lang='lat' dir='ltr'><strong>E</strong></span> <span class='ocrx_word' id='word_1_190' title='bbox 1066 1622 1306 1674; x_wconf 80' lang='lat' dir='ltr'>Tithono</span> <span class='ocrx_word' id='word_1_191' title='bbox 1325 1620 1504 1687; x_wconf 76' lang='lat' dir='ltr'>genuit</span> <span class='ocrx_word' id='word_1_192' title='bbox 1527 1620 1733 1668; x_wconf 81' lang='lat' dir='ltr'>Aurora</span> <span class='ocrx_word' id='word_1_193' title='bbox 1762 1619 2115 1667; x_wconf 86' lang='lat' dir='ltr'>Memnonem</span> <span class='ocrx_word' id='word_1_194' title='bbox 2131 1650 2147 1680; x_wconf 88' lang='lat'>,</span> 
     </span>
     <span class='ocr_line' id='line_1_23' title="bbox 414 1680 2147 1755; baseline 0.001 -26"><span class='ocrx_word' id='word_1_195' title='bbox 414 1681 503 1755; x_wconf 67' lang='lat'>9¹¹5</span> <span class='ocrx_word' id='word_1_196' title='bbox 525 1681 734 1733; x_wconf 82' lang='lat' dir='ltr'>Priamo</span> <span class='ocrx_word' id='word_1_197' title='bbox 755 1686 1019 1752; x_wconf 80' lang='lat' dir='ltr'>suppetias</span> <span class='ocrx_word' id='word_1_198' title='bbox 1043 1719 1057 1745; x_wconf 93' lang='lat'>,</span> <span class='ocrx_word' id='word_1_199' title='bbox 1083 1687 1138 1733; x_wconf 87' lang='lat' dir='ltr'>in</span> <span class='ocrx_word' id='word_1_200' title='bbox 1168 1686 1403 1747; x_wconf 78' lang='lat' dir='ltr'>Trojano</span> <span class='ocrx_word' id='word_1_201' title='bbox 1441 1682 1579 1733; x_wconf 76' lang='lat' dir='ltr'>bello</span> <span class='ocrx_word' id='word_1_202' title='bbox 1598 1717 1614 1743; x_wconf 89' lang='lat'><strong>‚</strong></span> <span class='ocrx_word' id='word_1_203' title='bbox 1649 1681 1785 1738; x_wconf 80' lang='lat' dir='ltr'>tulit.</span> <span class='ocrx_word' id='word_1_204' title='bbox 1826 1680 1921 1731; x_wconf 77' lang='lat' dir='ltr'>Ab</span> <span class='ocrx_word' id='word_1_205' title='bbox 1943 1683 2147 1735; x_wconf 74' lang='lat' dir='ltr'>Achille</span> 
     </span>
     <span class='ocr_line' id='line_1_24' title="bbox 412 1744 2150 1813; baseline 0.001 -19"><span class='ocrx_word' id='word_1_206' title='bbox 412 1745 711 1796; x_wconf 66' lang='lat' dir='ltr'>interfectus</span> <span class='ocrx_word' id='word_1_207' title='bbox 730 1782 747 1809; x_wconf 91' lang='lat'>‚</span> <span class='ocrx_word' id='word_1_208' title='bbox 775 1766 804 1797; x_wconf 84' lang='lat' dir='ltr'>a</span> <span class='ocrx_word' id='word_1_209' title='bbox 826 1760 988 1799; x_wconf 85' lang='lat' dir='ltr'>matre</span> <span class='ocrx_word' id='word_1_210' title='bbox 1001 1749 1256 1798; x_wconf 85' lang='lat' dir='ltr'>diuturnis</span> <span class='ocrx_word' id='word_1_211' title='bbox 1272 1746 1512 1813; x_wconf 85' lang='lat' dir='ltr'>lacrymis</span> <span class='ocrx_word' id='word_1_212' title='bbox 1529 1781 1544 1807; x_wconf 86' lang='lat'>‚</span> <span class='ocrx_word' id='word_1_213' title='bbox 1565 1763 1682 1813; x_wconf 82' lang='lat' dir='ltr'>quae</span> <span class='ocrx_word' id='word_1_214' title='bbox 1699 1761 1872 1794; x_wconf 85' lang='lat' dir='ltr'>rorem</span> <span class='ocrx_word' id='word_1_215' title='bbox 1892 1744 2121 1797; x_wconf 77' lang='lat' dir='ltr'>effecere</span> <span class='ocrx_word' id='word_1_216' title='bbox 2136 1780 2150 1808; x_wconf 91' lang='lat'>‚</span> 
     </span>
     <span class='ocr_line' id='line_1_25' title="bbox 413 1804 2150 1880; baseline 0.002 -23"><span class='ocrx_word' id='word_1_217' title='bbox 413 1804 709 1875; x_wconf 74' lang='lat' dir='ltr'>deploratus</span> <span class='ocrx_word' id='word_1_218' title='bbox 750 1814 865 1874; x_wconf 86' lang='lat' dir='ltr'>est‚’</span> <span class='ocrx_word' id='word_1_219' title='bbox 898 1820 956 1862; x_wconf 70' lang='lat' dir='ltr'>et&#39;</span> <span class='ocrx_word' id='word_1_220' title='bbox 988 1830 1053 1864; x_wconf 81' lang='lat' dir='ltr'>ex</span> <span class='ocrx_word' id='word_1_221' title='bbox 1096 1814 1205 1877; x_wconf 72' lang='lat' dir='ltr'>ejus</span> <span class='ocrx_word' id='word_1_222' title='bbox 1248 1828 1380 1880; x_wconf 83' lang='lat' dir='ltr'>rogo</span> <span class='ocrx_word' id='word_1_223' title='bbox 1414 1822 1554 1860; x_wconf 86' lang='lat' dir='ltr'>natae</span> <span class='ocrx_word' id='word_1_224' title='bbox 1593 1824 1711 1859; x_wconf 80' lang='lat' dir='ltr'>aves</span> <span class='ocrx_word' id='word_1_225' title='bbox 1753 1810 2150 1860; x_wconf 70' lang='lat' dir='ltr'>Memnonides.</span> 
     </span>
     <span class='ocr_line' id='line_1_26' title="bbox 410 1874 2149 1942; baseline 0.002 -20"><span class='ocrx_word' id='word_1_226' title='bbox 410 1874 769 1941; x_wconf 76' lang='lat' dir='ltr'>Metamorph.</span> <span class='ocrx_word' id='word_1_227' title='bbox 792 1877 917 1928; x_wconf 78' lang='lat' dir='ltr'>Lib.</span> <span class='ocrx_word' id='word_1_228' title='bbox 947 1878 1019 1926; x_wconf 76' lang='lat'>13.</span> <span class='ocrx_word' id='word_1_229' title='bbox 1037 1876 1121 1925; x_wconf 89' lang='lat' dir='ltr'>Illi</span> <span class='ocrx_word' id='word_1_230' title='bbox 1143 1887 1361 1926; x_wconf 83' lang='lat' dir='ltr'>statuam</span> <span class='ocrx_word' id='word_1_231' title='bbox 1385 1875 1462 1923; x_wconf 88' lang='grc' dir='ltr'>ΑΕ</span> <span class='ocrx_word' id='word_1_232' title='bbox 1471 1874 1639 1941; x_wconf 86' lang='lat' dir='ltr'>gyptii</span> <span class='ocrx_word' id='word_1_233' title='bbox 1660 1884 1948 1940; x_wconf 78' lang='lat' dir='ltr'>posuerant</span> <span class='ocrx_word' id='word_1_234' title='bbox 1964 1907 1979 1935; x_wconf 89' lang='lat'>,</span> <span class='ocrx_word' id='word_1_235' title='bbox 2000 1892 2118 1942; x_wconf 81' lang='lat' dir='ltr'>quae</span> <span class='ocrx_word' id='word_1_236' title='bbox 2132 1909 2149 1934; x_wconf 88' lang='lat'>‚</span> 
     </span>
     <span class='ocr_line' id='line_1_27' title="bbox 413 1935 2148 2018; baseline 0.003 -32"><span class='ocrx_word' id='word_1_237' title='bbox 413 1935 550 1988; x_wconf 85' lang='lat' dir='ltr'>Solis</span> <span class='ocrx_word' id='word_1_238' title='bbox 583 1940 795 1991; x_wconf 78' lang='lat' dir='ltr'>orientis</span> <span class='ocrx_word' id='word_1_239' title='bbox 837 1941 1154 2018; x_wconf 73' lang='lat' dir='ltr'>primoribus</span> <span class='ocrx_word' id='word_1_240' title='bbox 1187 1939 1346 1993; x_wconf 82' lang='lat' dir='ltr'>radiis</span> <span class='ocrx_word' id='word_1_241' title='bbox 1382 1939 1486 1991; x_wconf 84' lang='lat' dir='ltr'>icta</span> <span class='ocrx_word' id='word_1_242' title='bbox 1509 1974 1525 2004; x_wconf 87' lang='lat'>,</span> <span class='ocrx_word' id='word_1_243' title='bbox 1562 1953 1749 1989; x_wconf 87' lang='lat' dir='ltr'>sonum</span> <span class='ocrx_word' id='word_1_244' title='bbox 1785 1953 2001 1990; x_wconf 81' lang='lat' dir='ltr'>canorae</span> <span class='ocrx_word' id='word_1_245' title='bbox 2043 1938 2148 1992; x_wconf 79' lang='lat' dir='ltr'>voci</span> 
     </span>
     <span class='ocr_line' id='line_1_28' title="bbox 407 2002 2145 2073; baseline 0.003 -22"><span class='ocrx_word' id='word_1_246' title='bbox 407 2002 636 2054; x_wconf 75' lang='lat' dir='ltr'>similem</span> <span class='ocrx_word' id='word_1_247' title='bbox 658 2006 814 2055; x_wconf 83' lang='lat' dir='ltr'>edere</span> <span class='ocrx_word' id='word_1_248' title='bbox 834 2006 1135 2073; x_wconf 69' lang='lat' dir='ltr'>jactabatur.</span> <span class='ocrx_word' id='word_1_249' title='bbox 2140 2035 2145 2044; x_wconf 74' lang='lat'><em>›</em></span> 
     </span>
    </p>
   </div>
   <div class='ocr_carea' id='block_1_3' title="bbox 889 2123 1821 2209">
    <p class='ocr_par' dir='ltr' id='par_1_3' title="bbox 889 2123 1821 2209">
     <span class='ocr_line' id='line_1_29' title="bbox 889 2123 1821 2209; baseline 0.001 -24"><span class='ocrx_word' id='word_1_250' title='bbox 889 2133 1234 2209; x_wconf 51' lang='lat' dir='ltr'><strong>-c4mv1,</strong></span> <span class='ocrx_word' id='word_1_251' title='bbox 1301 2126 1667 2183; x_wconf 73' lang='lat' dir='ltr'><strong>DIANA.&#39;</strong></span> <span class='ocrx_word' id='word_1_252' title='bbox 1746 2123 1749 2126; x_wconf 82' lang='grc'><strong>’</strong></span> <span class='ocrx_word' id='word_1_253' title='bbox 1812 2179 1821 2186; x_wconf 79' lang='grc'><strong><em>,</em></strong></span> 
     </span>
    </p>
   </div>
   <div class='ocr_carea' id='block_1_4' title="bbox 348 2240 2201 2476">
    <p class='ocr_par' dir='ltr' id='par_1_4' title="bbox 348 2240 2201 2476">
     <span class='ocr_line' id='line_1_30' title="bbox 411 2240 2154 2333; baseline 0.003 -18"><span class='ocrx_word' id='word_1_254' title='bbox 411 2240 535 2322; x_wconf 84' lang='lat' dir='ltr'>Dr</span> <span class='ocrx_word' id='word_1_255' title='bbox 553 2285 638 2318; x_wconf 58' lang='lat' dir='ltr'>Arc</span> <span class='ocrx_word' id='word_1_256' title='bbox 658 2285 692 2317; x_wconf 73' lang='lat' dir='ltr'>A</span> <span class='ocrx_word' id='word_1_257' title='bbox 720 2283 870 2318; x_wconf 87' lang='lat' dir='ltr'>soror</span> <span class='ocrx_word' id='word_1_258' title='bbox 890 2269 936 2319; x_wconf 89' lang='lat' dir='ltr'>A</span> <span class='ocrx_word' id='word_1_259' title='bbox 980 2269 1154 2319; x_wconf 87' lang='lat' dir='ltr'>ollinis</span> <span class='ocrx_word' id='word_1_260' title='bbox 1175 2304 1190 2333; x_wconf 90' lang='lat'>‚</span> <span class='ocrx_word' id='word_1_261' title='bbox 1218 2268 1410 2324; x_wconf 76' lang='lat' dir='ltr'>,eadem</span> <span class='ocrx_word' id='word_1_262' title='bbox 1433 2268 1489 2317; x_wconf 88' lang='lat' dir='ltr'>in</span> <span class='ocrx_word' id='word_1_263' title='bbox 1518 2268 1657 2318; x_wconf 88' lang='lat' dir='ltr'>coelo</span> <span class='ocrx_word' id='word_1_264' title='bbox 1678 2270 1831 2319; x_wconf 79' lang='lat' dir='ltr'>Luna</span> <span class='ocrx_word' id='word_1_265' title='bbox 1858 2268 1971 2332; x_wconf 78' lang='lat' dir='ltr'>‚‘in</span> <span class='ocrx_word' id='word_1_266' title='bbox 2008 2269 2154 2324; x_wconf 74' lang='lat' dir='ltr'>terris</span> 
     </span>
     <span class='ocr_line' id='line_1_31' title="bbox 411 2328 2201 2396; baseline 0.001 -15"><span class='ocrx_word' id='word_1_267' title='bbox 411 2332 619 2394; x_wconf 77' lang='lat' dir='ltr'>Diana,</span> <span class='ocrx_word' id='word_1_268' title='bbox 658 2333 713 2381; x_wconf 87' lang='lat' dir='ltr'>in</span> <span class='ocrx_word' id='word_1_269' title='bbox 735 2332 915 2382; x_wconf 85' lang='lat' dir='ltr'>inferis</span> <span class='ocrx_word' id='word_1_270' title='bbox 998 2345 1175 2396; x_wconf 70' lang='lat' dir='ltr'>ecam,</span> <span class='ocrx_word' id='word_1_271' title='bbox 1215 2332 1505 2381; x_wconf 80' lang='lat' dir='ltr'>dicebatur.</span> <span class='ocrx_word' id='word_1_272' title='bbox 1546 2331 1690 2383; x_wconf 87' lang='lat' dir='ltr'>Hinc</span> <span class='ocrx_word' id='word_1_273' title='bbox 1722 2335 1980 2383; x_wconf 76' lang='lat' dir='ltr'>triformis</span> <span class='ocrx_word' id='word_1_274' title='bbox 2002 2328 2155 2396; x_wconf 81' lang='lat' dir='ltr'>diva,</span> <span class='ocrx_word' id='word_1_275' title='bbox 2198 2369 2201 2372; x_wconf 21' lang='grc' dir='ltr'><em>Α</em></span> 
     </span>
     <span class='ocr_line' id='line_1_32' title="bbox 348 2395 2154 2476; baseline 0.002 -33"><span class='ocrx_word' id='word_1_276' title='bbox 348 2446 354 2450; x_wconf 56' lang='grc'>,</span> <span class='ocrx_word' id='word_1_277' title='bbox 413 2395 602 2469; x_wconf 68' lang='lat' dir='ltr'>triceps</span> <span class='ocrx_word' id='word_1_278' title='bbox 623 2396 857 2458; x_wconf 79' lang='lat' dir='ltr'>Hecate,</span> <span class='ocrx_word' id='word_1_279' title='bbox 898 2414 928 2445; x_wconf 90' lang='lat' dir='ltr'>a</span> <span class='ocrx_word' id='word_1_280' title='bbox 951 2398 1121 2463; x_wconf 69' lang='lat' dir='ltr'>poetis</span> <span class='ocrx_word' id='word_1_281' title='bbox 1149 2408 1492 2476; x_wconf 79' lang='lat' dir='ltr'>nuncupatur.</span> <span class='ocrx_word' id='word_1_282' title='bbox 1526 2397 1815 2448; x_wconf 79' lang='lat' dir='ltr'>Venationi</span> <span class='ocrx_word' id='word_1_283' title='bbox 1860 2398 2154 2466; x_wconf 68' lang='lat' dir='ltr'>praesertim</span> 
     </span>
    </p>
   </div>
   <div class='ocr_carea' id='block_1_5' title="bbox 411 2459 2154 2530">
    <p class='ocr_par' dir='ltr' id='par_1_5' title="bbox 411 2459 2154 2530">
     <span class='ocr_line' id='line_1_33' title="bbox 411 2459 2154 2530; baseline -0.001 -20"><span class='ocrx_word' id='word_1_284' title='bbox 411 2461 623 2510; x_wconf 74' lang='lat' dir='ltr'>addlcta</span> <span class='ocrx_word' id='word_1_285' title='bbox 642 2494 660 2524; x_wconf 89' lang='lat'>,</span> <span class='ocrx_word' id='word_1_286' title='bbox 680 2459 1015 2509; x_wconf 81' lang='lat' dir='ltr'>venatoribus</span> <span class='ocrx_word' id='word_1_287' title='bbox 1044 2459 1271 2527; x_wconf 82' lang='lat' dir='ltr'>praefnit.</span> <span class='ocrx_word' id='word_1_288' title='bbox 1291 2460 1491 2509; x_wconf 78' lang='lat' dir='ltr'>Eadem</span> <span class='ocrx_word' id='word_1_289' title='bbox 1511 2459 1881 2511; x_wconf 65' lang='lat' dir='ltr'>v‘ruinitatem</span> <span class='ocrx_word' id='word_1_290' title='bbox 1894 2461 2154 2530; x_wconf 73' lang='lat' dir='ltr'>pei-petuo</span> 
     </span>
    </p>
   </div>
   <div class='ocr_carea' id='block_1_6' title="bbox 407 2500 2158 2917">
    <p class='ocr_par' dir='ltr' id='par_1_6' title="bbox 407 2500 2158 2917">
     <span class='ocr_line' id='line_1_34' title="bbox 414 2500 2153 2591; baseline 0 -20"><span class='ocrx_word' id='word_1_291' title='bbox 414 2523 576 2573; x_wconf 83' lang='lat' dir='ltr'>coluit</span> <span class='ocrx_word' id='word_1_292' title='bbox 601 2557 615 2585; x_wconf 87' lang='lat'>,</span> <span class='ocrx_word' id='word_1_293' title='bbox 656 2535 708 2573; x_wconf 86' lang='lat' dir='ltr'>et</span> <span class='ocrx_word' id='word_1_294' title='bbox 730 2524 1038 2573; x_wconf 83' lang='lat' dir='ltr'>Actaeonem</span> <span class='ocrx_word' id='word_1_295' title='bbox 1056 2535 1354 2573; x_wconf 77' lang='lat' dir='ltr'>venatorem</span> <span class='ocrx_word' id='word_1_296' title='bbox 1374 2558 1388 2585; x_wconf 85' lang='lat'>‚</span> <span class='ocrx_word' id='word_1_297' title='bbox 1418 2525 1524 2591; x_wconf 77' lang='lat' dir='ltr'>quo</span> <span class='ocrx_word' id='word_1_298' title='bbox 1582 2500 1637 2573; x_wconf 62' lang='lat' dir='ltr'>iit</span> <span class='ocrx_word' id='word_1_299' title='bbox 1655 2541 1775 2575; x_wconf 88' lang='lat' dir='ltr'>eum</span> <span class='ocrx_word' id='word_1_300' title='bbox 1800 2560 1814 2588; x_wconf 87' lang='lat'>‚</span> <span class='ocrx_word' id='word_1_301' title='bbox 1837 2526 1939 2576; x_wconf 82' lang='lat' dir='ltr'>ubi</span> <span class='ocrx_word' id='word_1_302' title='bbox 1958 2542 2016 2575; x_wconf 86' lang='lat' dir='ltr'>se</span> <span class='ocrx_word' id='word_1_303' title='bbox 2039 2542 2153 2575; x_wconf 86' lang='lat' dir='ltr'>cum</span> 
     </span>
     <span class='ocr_line' id='line_1_35' title="bbox 407 2587 2153 2656; baseline 0.001 -21"><span class='ocrx_word' id='word_1_304' title='bbox 407 2587 655 2654; x_wconf 82' lang='lat' dir='ltr'>nymphis</span> <span class='ocrx_word' id='word_1_305' title='bbox 693 2587 899 2637; x_wconf 81' lang='lat' dir='ltr'>lavabat</span> <span class='ocrx_word' id='word_1_306' title='bbox 921 2622 936 2650; x_wconf 89' lang='lat'>‚</span> <span class='ocrx_word' id='word_1_307' title='bbox 969 2589 1142 2639; x_wconf 89' lang='lat' dir='ltr'>locum</span> <span class='ocrx_word' id='word_1_308' title='bbox 1178 2588 1480 2656; x_wconf 87' lang='lat' dir='ltr'>imprudens</span> <span class='ocrx_word' id='word_1_309' title='bbox 1520 2589 1782 2650; x_wconf 76' lang='lat' dir='ltr'>venisset,</span> <span class='ocrx_word' id='word_1_310' title='bbox 1841 2589 2073 2639; x_wconf 73' lang='lat' dir='ltr'>mutavit</span> <span class='ocrx_word' id='word_1_311' title='bbox 2102 2589 2153 2637; x_wconf 85' lang='lat' dir='ltr'>in</span> 
     </span>
     <span class='ocr_line' id='line_1_36' title="bbox 410 2652 2151 2722; baseline 0 -22"><span class='ocrx_word' id='word_1_312' title='bbox 410 2665 638 2700; x_wconf 79' lang='lat' dir='ltr'>cervum.</span> <span class='ocrx_word' id='word_1_313' title='bbox 659 2653 1015 2718; x_wconf 79' lang='lat' dir='ltr'>Metamorph.</span> <span class='ocrx_word' id='word_1_314' title='bbox 1035 2652 1218 2702; x_wconf 76' lang='lat' dir='ltr'><strong><em>Lib.3.</em></strong></span> <span class='ocrx_word' id='word_1_315' title='bbox 1237 2652 1450 2719; x_wconf 87' lang='lat' dir='ltr'>Insigne</span> <span class='ocrx_word' id='word_1_316' title='bbox 1464 2652 1719 2722; x_wconf 84' lang='lat' dir='ltr'>templum</span> <span class='ocrx_word' id='word_1_317' title='bbox 1732 2654 1921 2704; x_wconf 84' lang='lat' dir='ltr'>habuit</span> <span class='ocrx_word' id='word_1_318' title='bbox 1932 2652 2151 2719; x_wconf 82' lang='lat' dir='ltr'>Ephesi,</span> 
     </span>
     <span class='ocr_line' id='line_1_37' title="bbox 410 2714 2152 2786; baseline -0.001 -22"><span class='ocrx_word' id='word_1_319' title='bbox 410 2725 463 2764; x_wconf 84' lang='lat' dir='ltr'>et</span> <span class='ocrx_word' id='word_1_320' title='bbox 481 2714 615 2765; x_wconf 83' lang='lat' dir='ltr'>inter</span> <span class='ocrx_word' id='word_1_321' title='bbox 644 2731 700 2765; x_wconf 88' lang='lat' dir='ltr'>se</span> <span class='ocrx_word' id='word_1_322' title='bbox 740 2726 845 2764; x_wconf 86' lang='lat' dir='ltr'>tem</span> <span class='ocrx_word' id='word_1_323' title='bbox 869 2718 1010 2765; x_wconf 86' lang='lat' dir='ltr'>orbis</span> <span class='ocrx_word' id='word_1_324' title='bbox 1032 2714 1284 2766; x_wconf 72' lang='lat' dir='ltr'>mir-‹icula</span> <span class='ocrx_word' id='word_1_325' title='bbox 1306 2728 1631 2766; x_wconf 78' lang='lat' dir='ltr'>numeratum</span> <span class='ocrx_word' id='word_1_326' title='bbox 1662 2734 1676 2765; x_wconf 72' lang='grc' dir='ltr'><strong>ε</strong></span> <span class='ocrx_word' id='word_1_327' title='bbox 1701 2734 1842 2767; x_wconf 85' lang='lat' dir='ltr'>aram</span> <span class='ocrx_word' id='word_1_328' title='bbox 1865 2734 2087 2786; x_wconf 86' lang='lat' dir='ltr'>quoque</span> <span class='ocrx_word' id='word_1_329' title='bbox 2105 2716 2152 2764; x_wconf 88' lang='lat' dir='ltr'>in</span> 
     </span>
     <span class='ocr_line' id='line_1_38' title="bbox 411 2732 2158 2849; baseline 0.002 -23"><span class='ocrx_word' id='word_1_330' title='bbox 411 2778 637 2827; x_wconf 85' lang='lat' dir='ltr'>Taurica</span> <span class='ocrx_word' id='word_1_331' title='bbox 658 2732 1014 2840; x_wconf 62' lang='lat' dir='ltr'>cliersoneso,</span> <span class='ocrx_word' id='word_1_332' title='bbox 1039 2780 1107 2831; x_wconf 85' lang='lat' dir='ltr'>ad</span> <span class='ocrx_word' id='word_1_333' title='bbox 1140 2779 1363 2829; x_wconf 86' lang='lat' dir='ltr'>Pontum</span> <span class='ocrx_word' id='word_1_334' title='bbox 1386 2780 1647 2829; x_wconf 82' lang='lat' dir='ltr'>Euxinum</span> <span class='ocrx_word' id='word_1_335' title='bbox 1664 2813 1683 2839; x_wconf 92' lang='lat'><em>,</em></span> <span class='ocrx_word' id='word_1_336' title='bbox 1714 2781 1768 2830; x_wconf 87' lang='lat' dir='ltr'>in</span> <span class='ocrx_word' id='word_1_337' title='bbox 1801 2797 1910 2847; x_wconf 84' lang='lat' dir='ltr'>qna</span> <span class='ocrx_word' id='word_1_338' title='bbox 1942 2782 2050 2849; x_wconf 84' lang='lat' dir='ltr'>ipsi</span> <span class='ocrx_word' id='word_1_339' title='bbox 2071 2781 2158 2829; x_wconf 85' lang='lat' dir='ltr'>ho-</span> 
     </span>
     <span class='ocr_line' id='line_1_39' title="bbox 409 2842 2157 2917; baseline 0.001 -26"><span class='ocrx_word' id='word_1_340' title='bbox 409 2842 578 2891; x_wconf 80' lang='lat' dir='ltr'>mines</span> <span class='ocrx_word' id='word_1_341' title='bbox 599 2843 1013 2917; x_wconf 78' lang='lat' dir='ltr'>immolabantue</span> <span class='ocrx_word' id='word_1_342' title='bbox 1031 2878 1056 2905; x_wconf 79' lang='lat'><em>,</em></span> <span class='ocrx_word' id='word_1_343' title='bbox 1083 2844 1373 2912; x_wconf 78' lang='lat' dir='ltr'>praesertim</span> <span class='ocrx_word' id='word_1_344' title='bbox 1417 2844 1463 2893; x_wconf 85' lang='lat' dir='ltr'>si</span> <span class='ocrx_word' id='word_1_345' title='bbox 1500 2845 1590 2911; x_wconf 82' lang='lat' dir='ltr'>qui</span> <span class='ocrx_word' id='word_1_346' title='bbox 1621 2844 1899 2912; x_wconf 75' lang='lat' dir='ltr'>naufragio</span> <span class='ocrx_word' id='word_1_347' title='bbox 1933 2847 2008 2896; x_wconf 61' lang='lat' dir='ltr'>axl</span> <span class='ocrx_word' id='word_1_348' title='bbox 2033 2845 2157 2894; x_wconf 78' lang='lat' dir='ltr'>istas</span> 
     </span>
    </p>
   </div>
   <div class='ocr_carea' id='block_1_7' title="bbox 412 2907 1719 3112">
    <p class='ocr_par' dir='ltr' id='par_1_7' title="bbox 412 2907 1719 3112">
     <span class='ocr_line' id='line_1_40' title="bbox 412 2907 970 2974; baseline 0.004 -17"><span class='ocrx_word' id='word_1_349' title='bbox 412 2921 530 2957; x_wconf 72' lang='lat' dir='ltr'>oras</span> <span class='ocrx_word' id='word_1_350' title='bbox 558 2908 712 2974; x_wconf 86' lang='lat' dir='ltr'>ejecti</span> <span class='ocrx_word' id='word_1_351' title='bbox 736 2907 970 2959; x_wconf 71' lang='lat' dir='ltr'>luissent.</span> 
     </span>
     <span class='ocr_line' id='line_1_41' title="bbox 653 3005 1719 3112; baseline -0.001 -26"><span class='ocrx_word' id='word_1_352' title='bbox 653 3007 660 3012; x_wconf 67' lang='grc'><strong>’</strong></span> <span class='ocrx_word' id='word_1_353' title='bbox 843 3005 1008 3087; x_wconf 67' lang='lat' dir='ltr'>cn.</span> <span class='ocrx_word' id='word_1_354' title='bbox 1049 3031 1209 3112; x_wconf 61' lang='lat' dir='ltr'>vm</span> <span class='ocrx_word' id='word_1_355' title='bbox 1265 3009 1719 3090; x_wconf 71' lang='lat' dir='ltr'>BACCH&#39;US.</span> 
     </span>
    </p>
   </div>
   <div class='ocr_carea' id='block_1_8' title="bbox 404 3142 2155 3382">
    <p class='ocr_par' dir='ltr' id='par_1_8' title="bbox 404 3142 2155 3382">
     <span class='ocr_line' id='line_1_42' title="bbox 411 3142 2152 3239; baseline -0.002 -18"><span class='ocrx_word' id='word_1_356' title='bbox 411 3142 727 3225; x_wconf 63' lang='lat' dir='ltr'>Jun‘rmz</span> <span class='ocrx_word' id='word_1_357' title='bbox 765 3187 796 3220; x_wconf 87' lang='lat' dir='ltr'>e</span> <span class='ocrx_word' id='word_1_358' title='bbox 835 3169 1041 3221; x_wconf 86' lang='lat' dir='ltr'>Semele</span> <span class='ocrx_word' id='word_1_359' title='bbox 1077 3172 1302 3239; x_wconf 86' lang='lat' dir='ltr'>suscepit</span> <span class='ocrx_word' id='word_1_360' title='bbox 1357 3175 1652 3233; x_wconf 83' lang='lat' dir='ltr'>Bacchum,</span> <span class='ocrx_word' id='word_1_361' title='bbox 1703 3187 1857 3239; x_wconf 83' lang='lat' dir='ltr'>quem</span> <span class='ocrx_word' id='word_1_362' title='bbox 1897 3181 2152 3230; x_wconf 86' lang='lat' dir='ltr'>narrant,</span> 
     </span>
     <span class='ocr_line' id='line_1_43' title="bbox 410 3232 2155 3301; baseline 0 -20"><span class='ocrx_word' id='word_1_363' title='bbox 410 3232 526 3281; x_wconf 77' lang='lat' dir='ltr'>cum</span> <span class='ocrx_word' id='word_1_364' title='bbox 550 3245 670 3283; x_wconf 88' lang='lat' dir='ltr'>ante</span> <span class='ocrx_word' id='word_1_365' title='bbox 707 3245 910 3301; x_wconf 87' lang='lat' dir='ltr'>tempus</span> <span class='ocrx_word' id='word_1_366' title='bbox 952 3235 1007 3283; x_wconf 90' lang='lat' dir='ltr'>in</span> <span class='ocrx_word' id='word_1_367' title='bbox 1035 3235 1205 3286; x_wconf 88' lang='lat' dir='ltr'>lucem</span> <span class='ocrx_word' id='word_1_368' title='bbox 1243 3237 1450 3287; x_wconf 87' lang='lat' dir='ltr'>exiisset</span> <span class='ocrx_word' id='word_1_369' title='bbox 1474 3272 1490 3301; x_wconf 92' lang='lat'>,</span> <span class='ocrx_word' id='word_1_370' title='bbox 1524 3239 1775 3287; x_wconf 87' lang='lat' dir='ltr'>insertum</span> <span class='ocrx_word' id='word_1_371' title='bbox 1805 3236 1971 3285; x_wconf 85' lang='lat' dir='ltr'>fuisse</span> <span class='ocrx_word' id='word_1_372' title='bbox 1999 3233 2155 3285; x_wconf 71' lang='lat' dir='ltr'>Jovis</span> 
     </span>
     <span class='ocr_line' id='line_1_44' title="bbox 404 3294 2153 3382; baseline 0.002 -37"><span class='ocrx_word' id='word_1_373' title='bbox 404 3294 595 3353; x_wconf 64' lang='lat' dir='ltr'>fi&#39;emori</span> <span class='ocrx_word' id='word_1_374' title='bbox 618 3331 642 3362; x_wconf 78' lang='lat'>,</span> <span class='ocrx_word' id='word_1_375' title='bbox 665 3296 846 3350; x_wconf 74' lang='lat' dir='ltr'>donec</span> <span class='ocrx_word' id='word_1_376' title='bbox 877 3299 1337 3382; x_wconf 66' lang='lat' dir='ltr'>menseslegitim}</span> <span class='ocrx_word' id='word_1_377' title='bbox 1362 3301 1543 3370; x_wconf 66' lang='lat' dir='ltr'>partus</span> <span class='ocrx_word' id='word_1_378' title='bbox 1564 3300 1926 3370; x_wconf 74' lang='lat' dir='ltr'>implerentur.</span> <span class='ocrx_word' id='word_1_379' title='bbox 1968 3300 2153 3349; x_wconf 57' lang='lat' dir='ltr'>Mem</span> 
     </span>
    </p>
   </div>
  </div>
 </body>
</html>
