2272 3937
416 248 2123 299 ΝΝἉΝΝΜἋΝΜΝΝΝ

691 402 1254 500 ΒΑΤΙΒΑ
1353 363 1849 474 PRIMA.

462 581 801 647 Invehitur
816 585 889 650 in
911 584 1109 643 varia
1120 584 1466 662 poetarum
1485 594 1550 644 ec
1565 585 1903 640 oratorum
1912 583 2098 647 vicia.

395 705 511 822 O
541 725 754 811 ¹Curas
805 751 1172 811 hominum!
1224 770 1264 810 o
1312 764 1623 832 quantum
1690 766 1788 811 est
1843 752 1913 810 in
1959 752 2137 813 rebus

714 835 937 891 inane!

395 911 470 973 A.
505 912 659 993 Quis
687 912 856 993 leget
892 912 1063 973 haec?
1095 913 1159 971 P.
1197 910 1354 969 Min’
1373 924 1442 969 tu
1466 910 1637 969 istud
1666 912 1796 975 ais?
1827 911 1906 971 A.
1929 912 2140 973 Nemo

425 1015 428 1018 ·
716 991 1012 1051 Hercule.
1039 993 1103 1051 P.
1138 990 1387 1051 Nemo?

394 1071 473 1132 A.
518 1072 644 1132 Vel
708 1073 876 1142 du0‚
937 1070 1039 1130 vel
1096 1092 1330 1131 nemo:
1380 1085 1601 1152 turpe,
1649 1086 1716 1133 et
1766 1071 2135 1133 miserabile.
2206 1125 2211 1129 .

1034 1150 1061 1192 ρ

391 1230 490 1295 Ne
515 1230 670 1290 mihi
698 1153 1069 1340 ἕὸὲἓὲἶιῗειέ
1088 1276 1107 1302 ,
1151 1245 1215 1291 et
1232 1229 1540 1291 Troiades
1566 1229 1939 1293 Labeonem

406 1332 517 1447 O
580 1396 787 1461 ineptas
843 1395 1113 1444 hominum
1152 1410 1305 1445 curas
1334 1396 1355 1444 ‚¹
1394 1412 1423 1443 o
1468 1406 1728 1461 quantum
1778 1398 2060 1447 inanitatis
2088 1398 2142 1446 in

392 1459 548 1510 rebus
597 1460 845 1509 humanis
902 1462 1034 1509 est!
1098 1457 1234 1523 Quis
1299 1459 1412 1511 ltaec
1449 1493 1469 1520 ,
1523 1477 1552 1508 o
1601 1461 1755 1511 ‚Persi
1792 1496 1807 1525 ,
1903 1477 1988 1511 11oe
2037 1472 2144 1511 tam

382 1525 650 1591 praeclare
681 1526 908 1591 incipis,
946 1524 1120 1589 leget?
1171 1524 1322 1573 Tune
1346 1559 1362 1588 ‚
1398 1541 1427 1572 ο
1461 1524 1664 1585 amice,
1706 1542 1789 1575 me
1817 1542 1851 1573 α
1901 1527 2143 1593 oqueris.²

395 1599 525 1639 tune
565 1591 693 1638 mihi
725 1589 869 1638 istud
912 1590 1081 1638 dicis?
1114 1589 1201 1637 Ita
1244 1598 1355 1652 est,
1405 1590 1627 1655 teipsum
1666 1589 1944 1657 alloquor;
1990 1606 2145 1646 nemo,

396 1669 464 1703 ea
510 1654 650 1720 leget
680 1654 929 1719 profecto.
966 1657 1122 1703 Itane
1155 1663 1264 1713 est,
1305 1664 1528 1702 nemone
1567 1652 1878 1721 ista-leget?
1905 1656 2036 1703 Duo
2071 1654 2144 1703 ad

394 1734 685 1778 summum,
733 1734 797 1766 ea
838 1718 1043 1782 legent,
1078 1717 1172 1767 vel
1195 1718 1371 1783 potius
1409 1734 1560 1767 nemo
1603 1735 1740 1767 unus
1775 1717 1917 1784 leget
1946 1738 1966 1767 .·
2005 1719 2149 1785 quod

392 1782 530 1832 sane
563 1782 680 1830 indi
717 1797 840 1830 num
871 1792 953 1831 est
980 1792 1037 1831 et
1057 1781 1374 1831 miserabile.
1417 1784 1524 1832 Cur·
1556 1792 1733 1832 autem
1752 1783 1776 1831 ‚²
1802 1783 2021 1833 Scilicet
2054 1800 2141 1832 ve-

393 1847 523 1895 reris
560 1861 629 1895 ne
662 1796 999 1905 ἷιώεοηεηι,
1051 1847 1313 1894 insulsum
1346 1849 1556 1913 poe'tam
1574 1880 1592 1906 ,
1640 1847 1780 1897 Nero
1816 1864 1883 1896 ac
1910 1847 2145 1897 Romani

393 1911 527 1959 mihi
555 1907 891 1976 praeferant?
940 1911 1096 1976 quasi
1123 1913 1246 1959 vero
1284 1926 1348 1959 ea
1381 1927 1465 1960 me
1497 1913 1629 1960 ratio
1646 1911 1914 1975 =deterrere
1952 1930 1989 1961 a
2022 1914 2141 1961 scri-

393 1974 565 2045 hendo
601 1974 810 2026 debeat.
842 1970 1038 2034 Erras,
1073 1976 1146 2039 si,
1196 1977 1255 2024 in
1299 1977 1630 2026 aestimandis
1667 1977 1853 2040 rebus,
1888 1978 2143 2027 standum

1298 2081 1389 2130 ubi
1406 2081 1607 2133 Hector
1616 2080 1793 2130 statuit
1808 2080 1866 2129 in
1879 2081 2147 2150 singulare

458 2100 516 2134 1(
545 2083 596 2132 0
623 2100 774 2133 curas
809 2083 1075 2134 hominum
1090 2116 1108 2143 ,
1134 2093 1232 2132 etc.

1299 2157 1564 2196 certamen
1582 2162 1699 2195 cum
1714 2144 1923 2195 Achille
1932 2147 2144 2196 descen-

389 2148 631 2217 Fingitur
666 2146 873 2197 Persius
906 2148 1119 2200 satiram
1159 2147 1237 2196 in-

390 2214 589 2263 choare
610 2211 675 2261 ab
697 2212 798 2260 hoc
815 2226 968 2260 versu
987 2229 1001 2272 ;
1027 2223 1136 2261 tum
1155 2229 1237 2262 su-

389 2277 662 2345 pervenire
679 2275 745 2324 ali
781 2274 864 2325 uis
886 2291 914 2324 a
944 2290 1050 2342 quo
1075 2277 1232 2326 inter-

389 2340 616 2409 pelletur
635 2339 772 2389 subit
825 2374 839 2402 ,
863 2351 915 2388 et
946 2355 978 2388 a
1010 2340 1233 2401 scribon-

390 2406 464 2455 do
494 2405 813 2454 deterreatur
832 2437 847 2466 ,
883 2417 949 2452 eo
983 2405 1230 2470 nomine,

388 2468 536 2535 quod
558 2485 675 2535 quae
710 2465 923 2531 scribit,
957 2483 990 2516 a
1020 2469 1233 2523 nemine

390 2532 445 2582 le
483 2536 620 2582 enda
646 2532 767 2581 sint.

492 2633 505 2647 .
547 2596 655 2648 Vel
682 2598 816 2656 duo,
849 2597 961 2650 vel.
1055 2595 1230 2646 uidam

387 2661 508 2713 haec
542 2661 704 2712 verba
750 2660 932 2710 Persio
962 2661 1027 2712 tri
1069 2673 1227 2726 uunt,

390 2726 542 2793 quasi
586 2726 814 2788 diceret,
862 2726 950 2776 vel
1030 2740 1100 2775 uo
1147 2727 1232 2776 vel

385 2800 493 2840 tres
528 2790 630 2840 ista
660 2791 866 2858 legent3
898 2801 1008 2839 tum
1065 2788 1233 2841 micus

384 2857 763 2921 responderetz
798 2870 957 2904 nemo
991 2869 1125 2904 unus
1162 2852 1232 2903 le-

430 2929 499 2968 et.

387 2936 426 2988 g
470 2986 521 3048 4.
567 2983 654 3036 Ne
700 2984 832 3033 mihi
879 2983 1225 3050 Polydamas.

385 3046 600 3098 Scilicet
638 3049 860 3098 verebor
912 3046 1057 3113 quod
1098 3047 1227 3099 olim

386 3112 595 3163 Hector
617 3112 810 3162 veritus
840 3118 946 3171 e'st3
985 3126 1089 3174 ne,
1124 3121 1225 3161 etc.

386 3177 598 3245 Legunt
616 3175 855 3226 nonnulli
887 3189 1003 3238 me,
1037 3175 1094 3224 id
1118 3187 1228 3239 est,

388 3243 544 3291 certe.
564 3240 911 3308 Pohsdamas.
950 3239 1228 3308 Sumptum

389 3316 471 3358 est
499 3307 602 3358 hoc
638 3322 704 3357 ex
743 3304 959 3371 Iliadis,
991 3304 1086 3358 lib.
1121 3320 1187 3354 22
1209 3337 1228 3371 ,

1300 2209 1427 2260 dere
1463 2245 1480 2272 ,
1534 2211 1710 2277 aitque
1738 2225 1807 2259 ne
1841 2209 1899 2259 id
1933 2211 2096 2263 faciat
2124 2246 2142 2275 ‚

1297 2275 1464 2327 vereri
1483 2290 1540 2324 se
1559 2272 2022 2341 reprehensionem
2041 2274 2144 2324 Po-

1299 2337 1315 2385 l
1359 2338 1615 2389 damantis
1632 2373 1648 2402 ,
1665 2347 1737 2388 'ac
1769 2339 2141 2404 Trojanarum.

1345 2403 1496 2452 adem
1510 2403 1766 2470 allegoria
1778 2401 1939 2451 utitur
1958 2403 2145 2455 Cicero

1297 2468 1364 2518 ad
1390 2467 1624 2519 Atticum
1643 2501 1658 2529 ,
1692 2467 1784 2519 ubi
1816 2483 1917 2534 per
1948 2469 2146 2518 Troia-

1297 2531 1390 2580 des
1425 2528 1520 2580 seu
1542 2532 1805 2598 Troiana·
1818 2563 1838 2590 ,
1873 2533 2149 2583 Romanos

1295 2596 1536 2649 imbelles
1551 2607 1602 2644 et
1615 2595 1976 2661 ejsoeminatos
1990 2596 2144 2648 intel-

1296 2658 1331 2707 li
1337 2660 1433 2730 git.
1463 2659 1670 2709 Persius
1684 2660 1902 2710 nomine
1918 2660 2146 2728 Polyda-

1296 2725 1485 2798 uiantis
1503 2723 1778 2774 Neronem
1815 2736 2031 2791 putatur
2062 2725 2148 2775 de-

1294 2803 1502 2854 signare
1519 2790 1678 2855 quise
1695 2788 1832 2838 inter
1846 2790 2038 2856 poetas
2055 2806 2149 2839 nu-

1295 2853 1481 2902 merari
1503 2852 1768 2920 gaudebat
1818 2854 1995 2920 deque
2021 2853 2165 2904 alio-.

1294 2932 1408 2965 rum
1427 2918 1742 2969 carminibus
1785 2933 1904 2966 erre
1937 2929 2150 2968 senten-

1293 2981 1441 3030 tiam.
1465 2983 1545 3031 Ita
1585 2999 1650 3032 ue
1684 2983 1802 3032 ciun
1839 2981 1942 3030 sibi
1980 2984 2150 3031 Luca-

1294 3062 1424 3120 num·
1443 3062 1552 3113 prae
1577 3047 1681 3097 erri
1717 3057 1987 3111 cerneret,
2022 3062 2148 3097 eum

1295 3126 1429 3161 mon
1463 3112 1632 3176 jussit.

1377 3175 1703 3226 Labeonem.
1741 3175 1924 3226 Attius
1956 3176 2150 3226 Labeo

1293 3236 1500 3308 ineptus
1509 3241 1692 3310 poeta.
1714 3241 1859 3292 Infra
1879 3245 2113 3309 nota47.

1596 3364 1601 3369 ’
1687 3367 2101 3433 Praetulerim
2141 3372 2174 3432 ἓ
