2272 3937
175 328 255 393 55

104 692 261 775 ‚60

178 1083 262 1148 65

319 187 402 250 26
767 185 849 249 D.
892 185 1632 250 J.JUVENALIS

318 290 527 349 Unius
551 287 763 350 scabie
789 288 959 349 cadit
984 334 1008 363 ,
1037 304 1101 348 et
1117 289 1289 368 porri
1335 289 1439 349 ine
1463 291 1673 368 porci;

318 370 586 463 Uvaque
612 369 955 449 conspecta
978 368 1244 428 livorem
1320 370 1449 428 ucit
1477 366 1554 426 ab
1584 387 1721 428 uva.

315 449 574 510 Foedius
604 449 729 509 hoc
753 447 984 528 aliquid
1016 447 1407 533 quandoque
1435 446 1692 507 audebis
1715 445 1975 511 amictu.

312 531 530 591 Nemo
551 548 663 609 rep
678 529 980 605 encesuic
997 530 1419 604 turpissimus.
1452 528 1782 608 Accipient
1807 541 1875 587 te

321 607 627 670 Paulatim
647 652 661 677 ,
680 609 789 690 qui
812 607 1000 689 longa
1028 607 1203 667 domi
1226 606 1594 667 redimicula
1615 618 1876 667 sumunt

321 688 662 749 Frontibus
685 732 699 760 ,
732 702 798 747 et
818 701 956 748 toto
981 688 1255 766 posuere
1283 686 1543 747 monilia
1562 686 1728 747 collo
1757 732 1779 763 ,

325 769 539 849 Atque
562 769 803 828 Bonam
834 781 1070 828 teneras
1093 766 1346 847 placant
1363 765 1702 827 abdomine
1722 781 1937 845 porcoe
1965 806 1989 836 ,

318 848 401 908 Et
419 867 649 929 magno
669 862 913 909 cratere
937 847 1142 907 Deam
1163 892 1185 917 ,
1224 846 1337 906 sed
1361 865 1538 906 more
1564 847 1811 908 sinistro

319 926 643 1010 Exagitata
665 927 887 1008 procul
912 946 1045 987 non
1074 929 1270 986 intrat
1296 923 1557 985 foemina
1575 925 1788 986 limen.

319 1007 479 1069 Solis
520 1028 624 1067 ara
658 1009 812 1068 Deae
839 1006 1110 1067 maribus
1178 1020 1339 1075 atet:
1364 1007 1449 1066 ite
1472 1004 1795 1085 profanae,

328 1087 681 1159 clamatum
706 1088 884 1149 nullo
923 1088 1118 1168 gemit
1183 1088 1243 1149 ic
1267 1086 1520 1148 tibicina
1540 1104 1743 1148 cornu
1784 1106 1801 1147 z

314 1248 385 1297 ob
431 1246 590 1307 unius
627 1249 777 1314 porci
813 1245 1038 1297 scabiosi
1073 1255 1129 1296 et
1152 1248 1420 1314 porrigine
1460 1245 1752 1298 laborantis
1798 1246 2045 1299 morbum
2069 1280 2094 1310 ,

316 1313 505 1363 interit
529 1329 550 1371 ,·
588 1322 643 1361 et
675 1328 776 1378 uva
821 1311 1041 1362 tabescit
1082 1313 1529 1378 corrumpimrque
1557 1344 1574 1373 ,
1618 1312 1666 1360 si
1701 1327 1865 1388 prope
1919 1329 2094 1363 uvam

315 1376 492 1426 aliam
530 1375 767 1426 tabidam
804 1386 860 1425 et
887 1376 1047 1425 livido
1069 1376 1240 1426 colore
1276 1393 1340 1425 su
1390 1375 1401 1388 ’
1451 1391 1538 1425 am
1606 1376 1737 1424 osita
1760 1376 1946 1440 fuerit.
1981 1377 2093 1427 Ab

316 1438 422 1490 hac
439 1440 663 1490 vestitas
680 1439 902 1493 mollitie
917 1441 1146 1507 gradum
1162 1440 1291 1490 olim
1337 1442 1477 1490 acies
1496 1394 1794 1515 adf'flagitia
1814 1442 2093 1505 graviora.

317 1502 502 1554 Nemo
539 1504 682 1554 enim
699 1503 874 1554 statim
894 1505 960 1554 ad
980 1505 1241 1555 summum
1272 1503 1619 1571 improbitatis
1649 1502 1857 1554 culmen
1879 1505 2088 1556 evadit.

317 1568 476 1620 Brevi
494 1583 649 1617 suum
673 1569 731 1618 in
748 1584 959 1635 gregem
987 1580 1038 1620 te
1070 1569 1381 1637 pertrahent
1399 1569 1486 1618 illi
1502 1568 1720 1618 Albani
1736 1568 2060 1618 ..sacerdotes
2069 1599 2092 1628 ,

319 1634 417 1699 qui
443 1632 621 1706 capita
657 1634 894 1682 induunt
910 1632 1144 1700 proliaeis
1186 1631 1506 1683 redimiculis
1541 1667 1559 1695 ,
1600 1642 1762 1698 atque
1793 1631 1936 1681 colla
1966 1641 2092 1683 tota

318 1694 609 1746 monilzbus
628 1697 987 1757 circumdant,
1007 1708 1063 1748 et
1076 1699 1244 1748 Bonae
1254 1699 1397 1749 Dece
1407 1706 1775 1763 praegnantem
1795 1695 2096 1747 immolant

319 1776 470 1809 suem
488 1793 505 1820 ,
528 1761 684 1826 eique
717 1778 816 1811 vas
843 1764 900 1811 in
938 1779 1033 1811 ens
1061 1764 1188 1812 vino
1219 1759 1462 1826 refertum
1498 1759 1747 1826 offerunt.
1771 1761 1907 1821 Sed,
1928 1777 2084 1810 more

311 1825 536 1897 penitus
558 1827 815 1875 contrario
847 1826 891 1875 il
913 1828 932 1875 ι’
970 1826 1100 1876 mori
1132 1827 1229 1893 qui
1259 1827 1445 1877 Romae
1461 1826 1525 1874 in
1545 1825 1716 1875 Bonae
1741 1826 1884 1876 Deae
1912 1827 2090 1875 sacris

318 1898 642 1954 usurpatur,
672 1889 956 1956 expellunt
986 1907 1169 1940 omnes
1210 1889 1400 1957 templo
1426 1889 1672 1939 mulieres
1688 1921 1708 1948 ,
1727 1899 1783 1939 et
1799 1890 1928 1940 viris
1950 1888 2091 1939 solis

324 1952 569 2004 adaram
608 1954 816 2005 aditum
846 1965 1035 2022 patere
1079 1954 1284 2005 volunt.
1322 1952 1519 2004 Procul
1555 1964 1698 2015 este,
1734 1972 1764 2004 o
1837 1951 2048 2069 rql’anae
2067 1986 2092 2014 ,

323 2017 672 2081 exclamant,
693 2020 866 2070 nuuae
894 2019 979 2070 Ιιῖο
1004 2019 1239 2072 tibicinae
1276 2019 1354 2069 ad
1400 2019 1703 2070 canendum
1738 2036 1771 2069 a
1814 2019 1869 2070 1ιί
1904 2029 2088 2071 entur.

391 2139 475 2192 55.
516 2141 828 2210 'Porrigina
905 2141 1127 2220 Porrigo
1152 2179 1169 2208 ‚
1234 2142 1512 2195 soemineas
1541 2142 1831 2194 induebant
1861 2133 2037 2194 vestes
2066 2177 2085 2209 ,

324 2204 541 2257 morbus
584 2217 699 2268 est,
726 2222 830 2274 quo
860 2206 995 2257 inter
1032 2210 1171 2281 pilos
1237 2209 1377 2259 soles
1396 2224 1566 2259 mares
1585 2206 1953 2267 admittebant,
1974 2218 2085 2258 etc.

325 2270 1173 2337 enascuntursquanussaeachufu-
1235 2273 1476 2322 homines
1527 2268 1719 2337 impuri
1757 2280 1810 2319 et
1846 2268 2082 2322 effoemi-

322 2348 409 2384 res
430 2349 453 2386 t,
559 2332 673 2383 bies
692 2335 937 2399 quaedam
963 2335 1167 2387 siccior.
1234 2335 1364 2386 nati.

298 2431 303 2446 .
389 2395 449 2446 61
511 2397 722 2447 Bonam
762 2400 963 2449 Deam.
1010 2399 1170 2449 Sacra
1299 2396 1628 2447 Abdotnine.
1645 2394 1749 2444 Pro
1765 2405 1953 2446 ventre
1977 2407 2086 2450 toto

323 2458 477 2508 Bona
536 2460 677 2514 Deae
722 2459 920 2512 fiebant
978 2461 1170 2512 Romae
1234 2458 1462 2526 ponitur.
1511 2457 1794 2510 Abdomen
1832 2472 1912 2511 est
1946 2464 2085 2514 cutis

321 2523 607 2596 quotannis
628 2557 646 2599 τ
688 2524 743 2573 in
767 2525 928 2574 domo
949 2523 1167 2574 Pontifi-

325 2601 400 2634 cis
417 2586 668 2649 Maximi,
682 2602 780 2656 pro
798 2587 964 2637 salute
985 2586 1169 2652 populi

324 2649 475 2699 Rom.
509 2666 525 2710 3
562 2667 592 2700 a
617 2648 927 2713 spulieribus
963 2648 1166 2697 tantum

312 2711 726 2764 ,celebrabantur
745 2746 761 2776 ,
784 2711 1006 2762 exclusis
1019 2710 1163 2760 viris.

281 2824 286 2830 ,
316 2773 616 2826 Insectatur
667 2787 840 2825 autem
888 2775 925 2823 J
929 2771 1163 2823 uvenalis

324 2833 504 2888 hoc'in
524 2839 643 2890 loco
659 2837 948 2888 sacerdotes
964 2836 1165 2884 Miner-

317 2915 408 2949 ’ναι
424 2935 438 2963 ,
458 2917 674 2968 quorum
686 2898 963 2971 collegium
979 2897 1166 2947 Domi-

324 2964 500 3013 tianus
522 2964 811 3014 instituerat
829 2975 887 3007 m
907 2957 1165 3025 Albano,
1197 2969 1200 2976 ⁴

323 3026 473 3093 regia
553 3041 652 3091 ope
677 3021 864 3082 Albam
900 3021 1042 3073 villa.
1074 3024 1165 3075 Illi

322 3085 443 3138 cum
511 3103 629 3136 ona>
645 3083 777 3133 Deae
794 3085 950 3151 (qum
973 3087 1165 3143 eadem

322 3162 404 3203 est
423 3165 489 3199 ac·
505 3150 669 3196 Ten-a
686 3178 700 3207 ‚
722 3145 837 3214 Ops
915 3164 1009 3199 seu
1031 3151 1165 3204 Pro-

321 3213 528 3277 serpina
546 3243 562 3274 ‚
585 3210 635 3275 )
660 3222 808 3263 sacra
855 3181 1165 3288 faciebant„

1203 2555 1206 2558 -
1230 2532 1465 2573 ventrem
1504 2520 1782 2592 obtegens.

1294 2584 1377 2695 (¹53.
1415 2585 1716 2653 Emagitata
1732 2589 1939 2654 procul.
1965 2587 2080 2640 Ex-

1266 2664 1300 2697 u
1325 2662 1401 2698 sa.

1229 2664 1263 2716 Ρ
1293 2711 1375 2775 64.
1411 2713 1696 2791 Prosanoe3
1724 2714 1942 2766 Profani
1994 2717 2079 2767 di.-

1227 2783 1411 2825 cuntur
1432 2794 1523 2844 qui
1563 2796 1722 2830 sacris
1751 2780 1945 2831 initiati
1966 2796 2077 2830 non
2124 2829 2139 2838 ,

1227 2849 1349 2887 sunt
1372 2872 1388 2902 ‚
1412 2842 1502 2907 qui
1536 2841 1716 2900 fanum
1735 2843 1947 2894 'intrare
1966 2860 2076 2894 non

1228 2915 1467 2969 possunt.

1294 2965 1377 3016 65.
1431 2968 1691 3021 Tibicina.
1735 2969 1979 3022 Foemina
2004 2973 2072 3022 ti-

1231 3028 1373 3080 biam
1409 3030 1619 3084 inflans.
1671 3063 1690 3070 ν

1301 3094 1495 3146 Gemit.
1605 3098 1655 3148 ia
1678 3097 1923 3149 tibicines
1947 3114 2071 3150 con-

1216 3158 1390 3233 ‘tentis
1412 3158 1585 3218 buccis
1605 3170 1659 3215 et
1675 3164 1895 3234 operose
1920 3165 2075 3218 tibias

1362 3236 1439 3280 nt·
1779 3285 1782 3290 ‚
2003 3257 2012 3262 ’
