2272 3937
391 276 517 337 ET
571 275 1089 337 HEROIBUS
1155 272 1638 345 POET'ICIS.
1767 280 1878 352 421

149 377 408 446 regendos
436 377 775 444 permitteret.
806 377 934 427 Non
957 376 1047 427 diu
1071 388 1185 435 tran
1222 375 1405 425 nillum
1439 392 1494 425 re
1534 393 1656 424 num
1682 374 1889 424 habuit.
1965 380 1968 385 ’

154 441 337 502 Tellus
354 442 493 491 euim
521 477 536 503 ‚
568 440 749 491 Titani
771 457 902 490 uxor
921 476 935 505 ,
960 441 1144 491 dolens
1162 440 1194 489 fi
1218 441 1297 489 ios
1319 456 1439 488 suos
1513 452 1678 489 nanas
1702 457 1730 487 a
1750 440 1889 489 Jove

152 505 475 564 interfectos,
490 505 743 581 Gigantes
759 505 1065 573 procreavit,
1082 504 1224 554 mole
1243 504 1540 570 viribusque
1558 501 1889 570 spectandos,

156 570 244 636 qui
276 570 536 637 congestis
558 587 612 619 1n
638 569 901 618 cumulum
924 570 1187 619 montibus
1204 603 1218 631 ,
1248 570 1283 618 J
1289 585 1438 617 ovem
1463 567 1598 616 coelo
1615 566 1889 630 detrudere

154 644 244 709 ag·s
259 635 382 682 ressi
424 645 559 682 sent.
608 635 963 700 metamorph.
1004 633 1126 682 Lib.
1179 651 1198 681 1
1236 644 1290 682 et
1328 638 1403 696 14.
1443 632 1549 682 Sed
1585 630 1890 680 fulminibus

153 696 339 763 dejecti
367 733 381 761 ,
402 708 452 746 et
475 698 582 747 suis
600 696 781 746 obtriti
799 697 1060 745 montibus
1086 732 1100 759 ‚
1127 713 1307 764 poenas
1328 699 1363 747 J
1369 696 1452 745 ovi
1473 695 1681 745 dedere.
1698 693 1893 747 Vocati

152 761 217 810 ab
248 760 342 812 illo
371 763 428 810 in
461 760 587 810 belli
618 772 670 809 et
709 760 925 828 periculi
957 773 1177 830 partem.
1210 760 1341 821 Dii,
1385 760 1502 809 cum
1545 776 1600 809 se
1638 760 1892 826 imparem

153 840 311 885 unum
349 835 428 874 tot
451 825 688 874 hostibus
719 826 952 874 crederet
972 824 994 887 ,'
1027 825 1100 874 sic
1132 824 1420 891 Gigantum
1457 835 1738 898 conspectu
1772 839 1890 891 per·

151 887 413 939 terrefacti
441 900 558 937 sunt
566 923 585 962 7
616 900 670 937 ut
691 904 874 937 omnes
889 888 945 937 in
968 890 1273 963 AEgyptum
1297 888 1523 955 fugerint
1545 923 1558 950 ,
1596 888 1773 954 ibique
1795 885 1892 935 sub

150 953 304 1001 variis
330 953 670 1001 animantium
691 952 870 1014 formis
890 952 1151 1001 latuerlnt.
1169 953 1522 1018 ,Ibletawotph
1541 951 1662 1000 Lib.
1680 953 1728 1000 5.
1747 951 1893 999 Hinc

152 1016 346 1065 sactum
365 1029 421 1065 ut
447 1016 643 1065 belluas
665 1015 921 1095 AEgyptii
941 1000 1172 1069 colerenff
1193 1032 1289 1085 pro
1313 1015 1632 1065 numinibus.
1659 1016 1894 1064 Bacchus

150 1090 329 1128 tamen
346 1081 518 1147 specie
540 1079 707 1129 leonis
729 1072 1086 1138 indutu8‚‘ren1
1102 1079 1310 1128 strenue
1330 1079 1395 1128 ali
1434 1079 1701 1146 nantisper
1714 1079 1893 1146 gessit,

153 1142 395 1193 hortante
423 1146 559 1194 ‘Jove
576 1179 590 1205 ‚
614 1155 676 1201 „et
694 1144 875 1192 Evohe
896 1178 911 1207 ‚
949 1144 1002 1192 id
1027 1155 1104 1193 est
1122 1179 1138 1207 ‚
1179 1144 1331 1207 Euge
1352 1146 1403 1210 fi
1428 1145 1449 1192 ι’
1462 1177 1488 1203 ,,
1510 1143 1890 1210 ingeminante.

152 1209 361 1275 Jupiter
385 1220 624 1275 pacatum
648 1207 864 1282 adeptus
895 1224 1113 1275 regnum
1134 1242 1150 1271 ‚
1181 1224 1354 1256 curam
1379 1207 1444 1256 ad
1475 1207 1778 1257 formandos
1800 1206 1895 1256 ho-

77 1330 84 1333 1
152 1271 319 1320 mines
342 1261 578 1321 contulit.
597 1274 728 1320 Eum
754 1273 983 1320 imitatus
997 1268 1340 1320 Prometheus
1361 1271 1511 1323 finxit
1533 1282 1724 1320 statuas
1747 1287 1896 1338 quas-

152 1335 278 1383 ‹lum
303 1337 577 1383 hominum
595 1353 659 1391 ex
680 1352 733 1383 ar
756 1334 865 1382 ›illa
880 1369 894 1395 ,
920 1334 1139 1400 illasque
1159 1369 1173 1396 ,
1191 1346 1340 1400 rapto
1357 1351 1386 1383 e
1408 1352 1557 1385 curru
1582 1335 1718 1384 Solis
1733 1336 1859 1401 igne
1874 1371 1892 1396 ‚

154 1399 421 1448 animavit.
438 1354 793 1467 ,tsetamotpss
812 1399 915 1446 Lib
938 1416 955 1446 1
971 1434 981 1445 .
994 1398 1295 1447 Promethei
1310 1399 1654 1447 temeritatem
1675 1398 1894 1467 indigne

151 1460 326 1510 ferens
349 1463 384 1512 J
392 1480 419 1509 u
463 1462 557 1510 iter
588 1462 856 1528 negotium
878 1462 1121 1512 Vulcano
1155 1461 1299 1510 dedit
1315 1496 1329 1522 ‚
1369 1473 1422 1510 ut
1446 1478 1564 1510 eum
1584 1463 1639 1510 in
1661 1463 1895 1513 Caucaso

156 1537 335 1576 monte
361 1479 601 1592 religaret
617 1536 643 1574 ⁸:
672 1525 872 1574 addidit
893 1524 1145 1574 vulturem
1169 1560 1184 1587 ‚
1256 1523 1306 1572 ui
1330 1524 1548 1575 laniaret
1572 1527 1769 1575 viscera
1788 1561 1802 1589 ,
1838 1527 1896 1576 in

155 1606 320 1638 novos
346 1592 600 1638 cruciatus
621 1605 825 1655 semper
844 1590 1185 1638 renascentia.
1207 1543 1540 1638 §evetitatem
1556 1592 1588 1639 J
1598 1591 1705 1638 ovis
1717 1590 1896 1657 inique

153 1653 383 1712 tulerunt
401 1656 555 1702 ceteri
576 1653 664 1701 Dii
685 1688 699 1714 ‚
722 1671 781 1701 ac
806 1652 1080 1702 doluerunt
1146 1652 1252 1701 uod
1276 1653 1375 1701 sibi
1394 1653 1482 1700 nni
1504 1652 1898 1704 lo1·111a11‹lor11m

155 1716 298 1765 homi
307 1735 429 1764 num
459 1708 537 1782 {us
560 1727 840 1784 arrogaret.
862 1718 1035 1781 Quare
1057 1671 1259 1766 cdllatis
1279 1716 1462 1764 studiis
1486 1728 1538 1765 et
1560 1717 1859 1767 muneribus
1877 1753 1896 1782 ,

111 1798 126 1803 ”
153 1782 425 1830 mulierem
444 1781 693 1830 effinxere
713 1816 728 1841 ‚
766 1797 919 1848 quam
950 1780 1243 1841 Pandoram
1265 1797 1330 1847 ap
1350 1780 1588 1830 ›ellarunt
1611 1816 1627 1845 ,
1657 1781 1804 1849 quasi
1832 1798 1897 1834 ex

154 1844 396 1894 omnium*
409 1846 560 1894 donis
584 1844 881 1895 conflatam.
918 1847 953 1896 J
958 1845 1127 1912 upiter
1159 1861 1314 1913 super
1353 1862 1404 1893 m
1443 1847 1793 1912 arrogantiam
1815 1847 1897 1896 ul-

151 1920 324 1973 turus,
352 1909 431 1958 illi
461 1909 723 1977 capsulam
758 1909 902 1958 dedit
925 1945 939 1973 ‚
969 1908 1152 1958 inlelix
1191 1925 1409 1958 munus·
1452 1909 1518 1958 -in
1554 1927 1670 1958 eam
1704 1911 1826 1985 quip
1867 1927 1899 1961 e

152 1986 400 2040 congesta
423 1986 569 2023 erant
593 1975 766 2022 omnia
786 1985 983 2023 naturae
1007 1973 1162 2023 mala.
1198 1975 1352 2023 Hanc
1382 1945 1623 2024 I’andora
1651 1974 1768 2024 cum
1801 1929 1893 2026 dle-

151 2037 357 2087 tulisset
395 2037 461 2086 ad
498 2038 863 2100 Epimetheum
905 2037 1204 2092 Promethei
1243 2037 1451 2090 fratrem
1472 2055 1486 2098 ς
1524 2037 1598 2086 illi
1642 2038 1898 2105 impulsus

116 2112 119 2115 ’
154 2101 457 2151 curiositate
483 2104 634 2168 prava
651 2136 666 2165 ,
694 2100 800 2150 sive
825 2136 839 2164 ,
863 2112 920 2149 ut
941 2101 1027 2151 alii
1043 2114 1251 2152 narrant
1270 2137 1284 2165 ,
1309 2103 1419 2165 eim
1445 2118 1576 2150 uxor
1594 2136 1609 2165 ‚
1631 2102 1899 2170 capsulam

154 2166 396 2232 aperuin
430 2182 494 2215 ex
515 2181 679 2231 eaque
708 2177 879 2231 pestes
906 2166 1076 2220 omnis
1106 2166 1314 2233 generis
1333 2166 1395 2215 in·
1423 2165 1605 2215 orbem
1642 2178 1897 2217 terrorum

152 2229 425 2279 evolarunt
450 2263 467 2292 ,
512 2229 622 2278 sola
657 2228 760 2295 Spe
798 2229 853 2277 in
893 2228 1055 2277 fundo
1093 2230 1319 2296 capsulae
1354 2228 1550 2282 relicta.
1592 2230 1734 2280 Hinc
1771 2244 1898 2282 aetas

151 2292 320 2343 ferrea
356 2305 409 2342 et
436 2292 689 2342 scelerum
724 2291 972 2342 colluvies
1002 2304 1123 2354 nata
1160 2305 1255 2343 est.
1295 2295 1330 2343 J
1336 2309 1486 2341 ovem
1520 2310 1627 2343 non
1653 2297 1897 2346 nnumin

151 2358 307 2420 Creta
344 2373 586 2425 regnasse
620 2356 889 2406 doctorum
914 2357 1093 2431 opinio
1116 2368 1196 2406 est
1219 2374 1231 2405 ι
1255 2357 1491 2405 omnium
1527 2357 1898 2410 celeberrimus

152 2422 459 2471 Abrahamo
485 2438 759 2490 supparem
782 2420 1038 2469 Euseblus
1060 2421 1200 2470 facit.
1217 2421 1421 2471 Patrem
1446 2421 1687 2487 spoliavit
1699 2440 1863 2491 regno
1880 2459 1903 2487 ,

154 2486 296 2561 quod
320 2487 392 2535 ita
413 2503 531 2535 eum
556 2486 659 2535 suis
685 2484 926 2536 iratribus
954 2484 1040 2535 Ne
1083 2496 1209 2534 tuno
1245 2497 1299 2535 et
1328 2484 1554 2534 Plutone
1596 2485 1801 2549 divisit,
1843 2500 1907 2546 ut,

152 2567 168 2597 ι
213 2550 258 2598 si
287 2551 529 2617 regiones
565 2550 630 2600 ad
666 2561 835 2600 ortum
864 2550 977 2600 sitae
996 2584 1011 2613 ‚
1042 2503 1251 2599 Blatoni
1279 2548 1497 2598 occidua
1529 2566 1645 2613 pars
1676 2551 1902 2617 insulae,

154 2567 411 2677 lgeptuho
446 2614 691 2662 maritimi
728 2625 918 2662 tractus
960 2614 1263 2684 obtigerint.
1314 2613 1457 2686 ὡς
1494 2615 1701 2682 Jupiter
1737 2616 1902 2679 coeli,

152 2677 438 2743 Neptunus
476 2678 630 2726 maris
650 2712 665 2741 ,
710 2675 862 2726 Pluto
894 2678 1180 2726 inferorum
1205 2693 1298 2727 rex
1321 2697 1355 2739 ‚·
1372 2693 1672 2744 numenque
1713 2678 1898 2730 ductus
1922 2695 1923 2698 ’

154 2752 251 2790 est.
278 2741 313 2789 J
319 2740 429 2788 ovis
445 2742 659 2789 nomine
682 2740 819 2807 apud
833 2742 1014 2807 poetas
1036 2741 1146 2791 Ae'r
1165 2752 1219 2789 ut
1244 2739 1527 2807 plurimum
1543 2742 1864 2809 significatur
1878 2777 1898 2809 ,

153 2806 265 2855 sive
296 2803 486 2853 coelum
510 2822 522 2864 ς
557 2816 611 2853 ut
636 2804 849 2854 nomine
876 2806 1104 2857 Junonis
1121 2839 1138 2868 ‚
1160 2822 1278 2872 quae
1303 2805 1455 2855 Jovis
1475 2808 1701 2870 conjux5
1729 2818 1894 2870 terra3

153 2870 277 2939 quia
313 2884 341 2917 e
376 2868 545 2932 coelo,
586 2879 822 2933 terraque
845 2902 859 2928 ‚
898 2869 1073 2918 omnia
1104 2870 1408 2937 gignuntur.
1462 2870 1710 2919 E’usdem
1745 2874 1898 2922 Jovis

150 2933 296 2983 varia
320 2945 440 2982 sunt
472 2932 611 3001 apud
631 2932 905 2997 scriptores
937 2932 1182 2999 profanos
1218 2932 1434 2983 nomina
1467 2950 1479 2982 ε
1549 2950 1624 2984 aec
1653 2933 1895 3003 frequen-

151 3000 308 3049 tiora.
348 2998 615 3064 Diespiter
649 3006 898 3057 vocatur,
938 2998 1083 3063 quasi
1125 2997 1231 3046 diei
1267 3009 1450 3065 pater:
1477 3000 1771 3062 Feretrius,
1813 3000 1902 3051 ve}

154 3061 303 3131 quod
331 3063 509 3110 hostes
546 3061 755 3121 feriret,
793 3059 875 3110 vel
922 3060 1060 3128 quod
1105 3061 1161 3110 in
1203 3064 1313 3124 ejus
1348 3061 1602 3128 templum
1642 3062 1900 3115 ferrentur

156 3126 338 3194 opima
359 3125 544 3192 spolia.
573 3128 747 3174 Stator
772 3124 792 3186 (
814 3124 885 3174 ita
902 3135 978 3173 est
998 3140 1027 3173 a
1044 3125 1501 3191 Romulodictus)
1529 3126 1671 3192 quod
1696 3121 1894 3185 Roma-

152 3207 344 3240 norum
374 3201 552 3239 contra
574 3188 796 3239 Sabinos
823 3205 891 3255 pu
932 3188 1167 3237 nantium
1197 3190 1372 3256 fugam
1387 3191 1590 3240 stiterat
1613 3205 1625 3237 ε
1647 3192 1896 3256 Xenius‘,

151 3254 264 3304 sive
285 3251 606 3320 HospitaliS‚
647 3254 767 3320 quia
798 3268 923 3321 gere
941 3263 1016 3301 ›at
1040 3253 1308 3320 hospitum
1337 3270 1533 3304 curam.
1574 3254 1783 3305 Ve‘om's
1800 3268 1898 3317 ‚et

160 3318 373 3392 Vedius
401 3328 523 3370 tunc
558 3316 919 3387 appellabatur
938 3352 956 3385 ,
994 3316 1112 3369 ciam
1135 3318 1416 3386 rogabatur
1443 3335 1511 3371 ne
1539 3316 1647 3386 qui<
1685 3317 1898 3371 inferret

1975 230 1983 253 l

1980 2479 1984 2510 l
