2272 3937
619 199 978 288 SATIRA
1036 197 1518 261 SECUNDA.

193 302 349 362 Haec
370 300 575 382 tetigit
596 338 616 379 ,
636 299 910 379 Gradive
929 344 944 368 ‚
972 313 1117 358 tuos
1141 301 1343 361 urtica
1381 297 1690 379 nepotes?

192 385 253 441 Ν
258 402 336 442 ec
361 380 606 463 galeam
630 398 905 461 quassaS,
935 400 1056 439 nec
1083 392 1315 439 terram
1337 378 1602 459 cuspide
1619 377 1819 457 pulsas
1839 419 1858 451 ‚

192 463 333 522 Nec
359 460 644 543 quereris
666 459 842 537 patri.
866 460 1081 519 Liceat
1117 459 1313 519 modo
1351 460 1594 527 vivere;
1621 456 1822 531 fient,

194 542 381 601 Fient
400 543 521 599 ista
559 537 765 619 palam
788 583 801 608 ,
833 540 1094 618 cupient
1115 554 1181 598 et
1207 540 1271 598 in
1299 552 1438 599 acta
1470 537 1712 598 referri.

194 621 364 680 Vicit
386 634 455 680 et
478 620 604 679 hoc
619 632 977 680 monstrum
1002 620 1264 679 tunicati
1285 619 1532 679 fuscina
1565 614 1843 679 Gracchi
1861 648 1885 691 ,-

195 700 639 779 Lustravitque
672 696 824 777 fuga
846 698 1124 769 mediam
1160 698 1469 781 gladiator
1494 718 1752 759 arenam
1775 745 1797 772 ,

197 779 275 840 Et
298 779 670 860 Capitolinis
699 780 1098 860 generosior,
1133 795 1199 839 et
1222 778 1540 841 Marcellis
1563 825 1579 853 ,
1631 812 1638 821 2

199 977 254 1012 eo
285 978 456 1029 usque
489 963 686 1011 sensim
727 962 1025 1012 immutavit
1045 995 1061 1025 ,
1092 971 1154 1011 ut
1193 971 1302 1012 tam
1332 959 1488 1026 sceda
1523 962 1814 1038 voluptatis
1825 977 1955 1029 pru·

201 1027 364 1091 rigine
405 1040 586 1076 eorum
616 1027 814 1092 posteri
848 1043 912 1076 ac
936 1029 1015 1076 tui
1049 1026 1385 1076 laborarent?
1424 1028 1609 1077 Cessas
1637 1028 1844 1076 interim
1868 1039 1924 1076 tet
1938 1061 1957 1085 ,

199 1104 373 1157 neque
424 1100 691 1140 armatum
730 1091 892 1157 galea
941 1102 1103 1158 caput
1127 1091 1244 1140 hoec
1292 1093 1504 1140 intueris
1529 1125 1546 1151 ,
1606 1106 1776 1140 moves
1803 1123 1823 1150 ,
1859 1106 1959 1141 nee

200 1156 407 1204 hastam
450 1165 602 1204 terrae
646 1158 867 1214 incutis,
901 1171 1074 1221 neque
1121 1155 1270 1230 apud
1310 1156 1494 1214 «Iovem
1527 1156 1758 1220 quereris
1787 1156 1812 1204 ἔ
1840 1156 1956 1217 Scio

199 1218 415 1282 quidem
457 1219 572 1268 haec
602 1218 801 1270 scelera
826 1218 966 1269 clam
992 1219 1235 1279 admitti,
1261 1221 1358 1269 sed
1389 1221 1437 1268 si
1452 1222 1566 1270 vita
1588 1220 1660 1268 lot
1713 1221 1791 1268 ior
1807 1219 1977 1268 nobis‘

199 1293 482 1348 suppetat,
520 1283 654 1344 erit,
681 1285 780 1333 erit
810 1283 910 1332 illa
942 1283 1089 1343 dies,
1130 1284 1248 1333 cum
1293 1285 1409 1333 haec
1439 1284 1640 1350 palam·
1706 1285 1781 1334 eri
1807 1283 1959 1333 vide·

199 1347 389 1405 bimus,
406 1348 567 1399 immo
587 1347 918 1411 etiamsastis
931 1347 1327 1416 annalibusque
1341 1348 1751 1398 mandari.Haec
1774 1357 1957 1398 tamen

189 1408 432 1476 flagitia,
450 1410 928 1463 licetmonstrorum
950 1411 1226 1462 simillima
1245 1448 1261 1473 ,
1277 1415 1540 1488 superavit
1563 1412 1702 1462 illud
1722 1413 1956 1476 deforme

1880 195 1964 261 ar

1988 542 2106 607 ico,

195 1475 554 1540 spectaculum
586 1477 643 1524 in
666 1492 769 1542 quo
793 1477 1062 1526 Gracchus
1108 1477 1289 1526 tunica
1324 1477 1540 1525 indutus
1575 1509 1594 1535 ,
1637 1486 1692 1526 et
1722 1484 1956 1525 armatus
1993 1512 2000 1517 -

200 1539 427 1588 tridente
452 1575 468 1598 ‚
487 1539 800 1606 gladiatoris
839 1541 897 1588 in
933 1555 1126 1590 morem
1146 1575 1161 1593 ,
1201 1539 1432 1590 mediam
1465 1557 1685 1589 arenam
1704 1572 1723 1598 ,
1734 1537 1955 1605 fugiens

197 1613 486 1654 secutorem
511 1640 528 1666 ,
560 1604 850 1672 pererravit
873 1621 893 1653 .-
921 1603 1017 1654 ille
1049 1604 1275 1677 nobilior·
1298 1615 1353 1657 et
1383 1604 1694 1671 Capitolinis
1724 1614 1780 1654 et
1798 1603 1967 1654 Mar-⁴

268 1784 380 1820 100.
424 1772 592 1821 Acta.
653 1770 786 1822 Sunt
819 1770 908 1822 hic
924 1770 1045 1821 libri

200 1833 255 1883 in
275 1835 465 1902 quibus
488 1828 870 1902 perscribantur
887 1852 1046 1904 nego-

202 1898 273 1947 tia
321 1899 566 1965 publica,
597 1916 936 1967 quaecumque
980 1902 1046 1950 ad

202 1980 370 2031 remp.
402 1964 682 2031 pertinent.

277 2045 393 2078 101.
462 2029 713 2079 fuscina.
779 2026 1048 2079 Gladiato-

201 2110 319 2143 rum
336 2126 354 2155 ,
387 2093 492 2142 hoc
512 2104 619 2155 est,
643 2092 916 2142 hominum
942 2094 1048 2161 gla-

166 2149 306 2207 ‘diis
331 2156 468 2205 inter
492 2173 547 2207 se
576 2156 739 2207 animi
764 2167 818 2206 et
844 2168 1044 2224 specta-

202 2219 307 2270 culi
349 2220 549 2332 publici
574 2222 726 2271 causa
754 2255 769 2284 ,
797 2220 1045 2289 singulari

202 2300 270 2353 pu
312 2302 348 2334 n
400 2284 941 2335 dimicantiumAxter
961 2301 1050 2335 vo-

203 2364 261 2398 ca
303 2359 420 2399 atur
453 2351 722 2399 Retiarius
745 2383 760 2413 ‚
800 2349 1050 2400 habebat·

202 2429 307 2480 que
335 2428 434 2479 pro
472 2413 626 2463 armis
665 2425 778 2466 rete
797 2446 812 2475 ,
841 2430 948 2480 quo
968 2414 1052 2462 in·
1076 2451 1079 2454 1

204 2476 416 2528 volvere
455 2476 738 2527 conabatur
775 2489 932 2545 caput
953 2479 1046 2527 ad-

201 2540 450 2604 versarii,
475 2552 528 2591 et
560 2540 932 2598 fuscinamseu
956 2542 1043 2592 tri-

204 2606 422 2655 dentem
442 2638 458 2668 ,
473 2620 578 2672 quo
599 2604 751 2655 illum
779 2605 847 2656 ad
865 2622 921 2656 se
935 2622 1048 2673 pen:-

204 2678 428 2720 tractum
458 2669 781 2719 interimeret
801 2687 814 2718 ι
833 2670 961 2721 alter
974 2671 1050 2720 di·

204 2732 422 2782 cebatur
473 2732 740 2783 Mirmillo
764 2751 786 2792 ‚·
822 2734 1050 2785 habebat

204 2813 298 2863 pro
341 2798 502 2847 armis
535 2796 741 2866 galeam
761 2831 777 2860 ,
815 2798 870 2846 in
900 2799 1046 2863 cujus

204 2861 353 2936 apice
366 2861 526 2929 piscis
541 2860 746 2932 effigies
763 2860 1043 2924 visebatur,

204 2935 331 2976 item
365 2941 551 2976 ensem
580 2941 875 2987 recurvum3
901 2941 1051 2976 voca-

204 2988 355 3040 batur
388 2990 553 3040 etiam
605 2989 825 3055 Thrax,
861 2991 1052 3043 Gallus

206 3063 259 3103 et
289 3064 561 3121 sequutor.

275 3119 547 3172 Tunicati.
600 3118 808 3169 Tunica
858 3118 1047 3168 induti.

204 3180 412 3233 Tunica
428 3193 510 3233 est
523 3182 681 3234 vestis
699 3184 887 3242 arctior
904 3216 922 3246 ‚
937 3182 1051 3233 sine

202 3247 471 3328 manicis?
513 3250 616 3325 qua
648 3246 931 3314 utebantur
940 3247 1059 3318 gl&

1114 1773 1341 1824 diatores
1358 1807 1374 1837 ‚
1396 1783 1454 1822 ut
1475 1782 1647 1824 essent
1666 1769 1953 1840 expeditio-

1112 1853 1194 1887 res
1222 1839 1287 1887 ad
1311 1854 1588 1919 pugnam.-

1184 1918 1291 1951 102.
1344 1904 1515 1966 I‘uga.
1580 1901 1716 1950 Citm
1747 1900 1946 1951 Retia-

1111 1970 1220 2016 rius
1266 1966 1509 2016 emiserat
1561 1978 1667 2016 rete
1721 1965 1910 2016 frustra
1933 2000 1951 2025 ,

1111 2031 1294 2097 fugere
1348 2030 1632 2081 conabatur
1669 2031 1952 2080 instantem

1111 2094 1495 2145 Mirmillonem
1533 2127 1551 2158 ‚
1594 2110 1654 2143 ac
1699 2104 1809 2144 rete
1848 2091 1953 2144 col-

1111 2157 1294 2229 ligere.

1178 2224 1444 2274 Arenam.
1464 2219 1654 2273 Patens
1667 2222 1731 2280 ,in
1745 2223 1957 2289 amphi-

1112 2288 1317 2337 theatro
1338 2284 1509 2335 solum
1532 2296 1586 2335 et
1612 2286 1848 2344 aedificiis
1859 2288 1955 2338 cir-

1112 2353 1407 2402 cumdatum
1430 2383 1449 2412 ,
1463 2366 1617 2400 arena
1632 2352 1915 2402 vocabatur
1933 2368 1951 2414 3

1113 2416 1237 2483 quia
1269 2429 1603 2488 conspersum
1649 2427 1761 2466 erat
1776 2416 1957 2477 arena,

1113 2497 1231 2547 quae
1242 2494 1549 2548 sangumem
1560 2496 1953 2531 caesorumcom-

1111 2544 1347 2607 biberet,
1380 2558 1440 2593 ac
1466 2545 1811 2611 pugnantium
1830 2561 1949 2612 gra·
2028 2598 2033 2602 ,

1113 2608 1239 2657 dum
1273 2606 1531 2667 firmaret,
1556 2624 1623 2658 ne
1649 2609 1706 2657 in
1739 2608 1953 2661 madida

1113 2686 1295 2732 cruore
1326 2672 1490 2719 humo
1515 2670 1829 2728 laberentur.

1185 2736 1298 2785 103.
1336 2736 1675 2811 Capitolinis,
1705 2747 1802 2787 etc.
1831 2738 1949 2785 Du·

1109 2800 1298 2850 cebant
1351 2799 1607 2865 originem
1660 2800 1739 2851 illi
1784 2818 1816 2852 a
1862 2802 1949 2851 M.

1109 2863 1319 2914 Manlio
1333 2864 1422 2931 qui
1438 2863 1755 2931 Capitolium
1774 2881 1806 2916 a
1819 2863 1951 2916 Gal-

1111 2929 1178 2979 lis
1214 2929 1485 2979 obsessum
1517 2930 1754 2980 servavit.
1892 2935 1898 2940 '

1179 2992 1479 3043 Marcellis.
1496 2994 1650 3043 Unus
1670 2992 1953 3043 Marcello·

1112 3074 1229 3106 rum
1256 3074 1366 3108 rem
1391 3069 1570 3108 contra
1591 3056 1951 3108 Hannibalem

1114 3121 1411 3172 felicissime
1424 3120 1834 3190 gessit,secund0
1844 3118 1953 3169 bel-

1116 3184 1414 3241 loPunicm

1523 3259 1730 3396 Β4
