2272 3937
363 262 751 325 sATIRA
807 261 1222 325 DECIMA
1284 263 1700 345 QUINTA.
1786 265 1908 328 315

178 364 421 449 *Effigies
442 369 598 434 sacri
619 367 778 434 nitet
804 384 993 423 aurea
1018 364 1499 445 Cercopitheci3

182 447 449 507 Dimidio
473 449 729 528 magicas
754 458 1057 504 resonant
1077 444 1188 503 ubi
1225 447 1578 506 Memnone
1612 446 1905 520 chordae,
1958 439 1997 499 5

181 528 381 608 Atque
407 541 584 586 vetus
614 525 839 585 Thebe
870 539 1127 584 centum
1155 528 1319 600 jacet
1343 526 1570 584 obruta
1593 529 1812 607 portis·

179 606 302 670 Illic
328 605 659 675 caerffleoe,
689 606 792 665 hic
821 605 1023 684 pisces
1055 602 1328 672 fluminis
1360 627 1374 664 :
1406 604 1531 666 illio

184 687 422 767 Oppida
448 702 580 745 tota
606 705 829 745 canem
861 700 1272 744 venerantur:
1300 706 1492 745 nemo
1519 686 1788 745 Dianam
1813 707 1830 745 ε

179 765 439 825 Portum
468 782 534 825 et
561 786 718 844 cepe
749 763 924 823 nefas
958 764 1194 824 violare
1215 810 1228 834 ,
1260 786 1332 825 ac
1362 765 1650 847 frangere
1675 785 1910 843 morsu.

180 846 236 905 O
254 861 495 905 sanctas
524 861 742 927 gentes
773 892 789 917 ,
811 844 1036 925 quibus
1065 845 1197 904 haec
1219 848 1647 904 nascuntur-in
1675 846 1873 906 hortis
1960 860 2033 901 ιο

180 925 483 984 Numina!
513 927 762 983 Lanatis
792 922 1162 998 animalibus
1189 923 1458 984 abstinet
1483 928 1688 983 omnis

177 1005 395 1065 Mensa
421 1026 436 1063 ε
461 1000 639 1063 nefas
660 1003 784 1064 illic
811 1002 1037 1062 foetum
1063 1002 1347 1085 jugulare
1373 1003 1628 1084 capellae
1644 1052 1662 1075 ,

177 1084 476 1144 Carnibus
506 1084 795 1144 humanis
815 1082 982 1143 vesci
1009 1082 1176 1145 licet.
1199 1084 1489 1145 Attonito
1519 1087 1671 1144 cum

177 1164 328 1226 Tale
354 1185 545 1244 super
574 1184 821 1225 coenam
847 1163 1092 1228 facinus
1124 1177 1413 1224 narraret
1437 1164 1691 1250 Ulysses

2082 431 2111 452 X.

179 1285 347 1349 bana,
374 1297 497 1351 quae
529 1301 671 1335 nunc
708 1295 922 1351 aequata
963 1284 1070 1334 solo
1109 1296 1215 1346 est,
1258 1286 1385 1333 olim
1424 1297 1636 1335 centum
1679 1285 1949 1339 habuisse⁴

168 1360 345 1416 portas
375 1350 550 1412 fertur
568 1383 583 1412 ,
627 1345 785 1415 prope
803 1364 965 1413 quam
985 1349 1259 1397 visebatur
1287 1359 1461 1398 statua
1495 1350 1805 1400 Memnonis
1834 1352 1919 1400 di.

178 1414 399 1463 midiata
428 1423 480 1462 et
509 1422 721 1477 gestans
750 1414 1039 1472 citharam,
1081 1412 1226 1477 cujus
1256 1412 1489 1474 chordae,
1526 1430 1623 1478 per
1656 1416 1945 1478 magicam’

177 1488 344 1526 artem
390 1493 576 1525 sonum
618 1476 904 1540 quemdam
948 1475 1211 1538 edebant,
1257 1477 1315 1524 in
1363 1491 1461 1538 ea,
1501 1478 1749 1543 inquam,
1793 1479 1920 1528 urbe

177 1541 349 1605 imago
378 1540 547 1590 simioe
585 1541 832 1589 caudatae
866 1540 924 1587 in
956 1538 1164 1605 templis
1196 1541 1464 1589 adoratur.
1506 1541 1612 1590 Hic
1657 1544 1918 1605 marinos,

175 1604 289 1654 illic
327 1602 577 1671 fluviales
663 1604 789 1653 isoes
814 1637 829 1666 ,
874 1602 1009 1654 alibi
1054 1619 1245 1654 canem
1293 1606 1526 1653 civitates
1574 1605 1794 1671 integroe
1834 1622 1916 1655 co-

177 1669 337 1727 lunt5
378 1669 503 1717 civis
547 1684 620 1720 nu
647 1655 728 1717 liis
780 1668 1047 1717 Dianam.
1088 1669 1258 1720 Porra
1301 1678 1357 1717 et
1406 1684 1559 1734 cepas
1594 1670 1921 1726 manducare

177 1743 274 1782 aut
312 1748 488 1781 secare
525 1732 713 1797 ingens
740 1731 1025 1806 piaculum
1060 1743 1153 1781 est.
1198 1731 1247 1781 0
1277 1732 1573 1797 religiosam
1613 1734 1921 1792 nationem,

178 1798 263 1847 cui
303 1798 447 1845 Deos
475 1797 573 1863 ipsi
614 1796 749 1845 horti
808 1797 1152 1861 rogenerant!
1199 1796 1386 1846 Ovium
1419 1797 1662 1845 carnibus
1691 1810 1788 1847 aut
1806 1800 1920 1847 liae·

176 1859 362 1911 dorum
394 1861 539 1909 vesci
564 1862 710 1934 apud
742 1861 761 1909 z·
788 1859 861 1909 los
890 1861 1091 1909 nemini
1111 1860 1281 1922 licet,
1314 1862 1557 1911 humanis
1597 1861 1751 1920 licem
1787 1863 1923 1911 sane

174 1926 295 1976 c'iim
328 1923 500 1975 simile
526 1925 802 1990 quidpiam
830 1924 897 1974 de
923 1925 1229 1991 Antiphate
1247 1942 1311 1975 ac
1350 1926 1674 1993 Polyphemo
1711 1926 1921 1992 Ulysses

206 2065 210 2069 .
241 2033 293 2094 4.
314 2031 478 2082 Nitet.
498 2027 799 2080 Adornatur
818 2029 885 2079 ad
908 2029 1017 2080 cul·
1079 2029 1314 2078 nominis
1359 2031 1415 2078 in
1461 2027 1670 2080 Graecia
1717 2032 1920 2096 septem

174 2107 312 2146 tum.
1082 2093 1249 2160 portis
1286 2093 1499 2158 inclyta.

248 2158 301 2208 5.
315 2157 900 2208 Memnone.Memnon
916 2155 1025 2205 Au·
1151 2175 1201 2222 7.
1245 2157 1523 2207 Coeruleos.
1545 2156 1644 2210 Eut
1661 2157 1748 2207 hic
1764 2159 1922 2209 maris

177 2238 321 2276 rorae
333 2221 472 2270 filius
485 2255 501 2284 ,
511 2237 577 2270 ex
589 2221 748 2270 AEtlii
756 2220 877 2288 op’ra
888 2221 1022 2268 Tro·
1087 2221 1260 2271 color.

175 2290 288 2354 jam
315 2284 578 2354 profectus
595 2321 611 2348 ,
630 2295 689 2335 ut
706 2301 863 2360 opem
886 2283 1025 2334 Pria-
1156 2285 1207 2335 8.
1229 2286 1397 2337 Nemo
1412 2286 1677 2335 Dianam.
1699 2286 1832 2351 Quae
1848 2298 1922 2337 ta-

175 2368 274 2402 mo
300 2355 489 2412 terret,
526 2350 593 2399 ab
631 2348 842 2399 Achille
856 2349 1016 2398 inter·
1081 2365 1206 2401 men
1238 2350 1360 2400 Dea
1385 2349 1709 2413 venationis,
1747 2362 1801 2401 et
1835 2367 1920 2402 ca-

175 2414 352 2466 fectus
369 2427 465 2464 est.
484 2415 612 2463 E'us
632 2424 799 2463 statua
812 2412 1016 2463 viseba·
1082 2431 1211 2464 num
1235 2425 1316 2464 est
1330 2430 1542 2482 praeses.
1878 2474 1882 2478 ι
1942 2433 1949 2441 =

177 2491 268 2530 tui·
300 2481 359 2529 in
386 2433 586 2546 tempio
610 2476 913 2544 Serapidis,
944 2477 1016 2526 ci·
1147 2496 1198 2545 9.
1240 2479 1411 2546 Cepe,
1432 2489 1530 2529 etc.
1550 2478 1749 2546 Cepas,
1774 2479 1924 2543 allia,

177 2540 390 2607 tharam
406 2554 590 2594 tenens
607 2576 623 2605 ‚
652 2559 769 2616 quae
786 2541 1020 2609 quotidie
1084 2554 1187 2594 etc.
1212 2559 1323 2592 non
1347 2543 1674 2608 attingebant
1701 2544 1922 2618 AEgyp-

181 2608 320 2659 solis
344 2606 557 2656 orientis
577 2606 737 2655 radiis
793 2622 1020 2670 ei·cussa‚
1086 2607 1146 2656 tii
1162 2641 1177 2671 ,
1192 2608 1316 2673 quia
1328 2607 1584 2674 lacrymas
1596 2606 1734 2657 cient
1747 2641 1762 2670 ,
1780 2611 1923 2658 Sitim

177 2667 380 2722 sonum
406 2670 617 2718 citharae
644 2670 763 2718 simi
787 2685 870 2718 em
896 2670 1022 2719 ede·

177 2737 281 2786 bat
298 2770 314 2800 ,
332 2733 534 2809 magica
547 2765 562 2795 ,
581 2743 641 2781 ut
657 2733 906 2782 creditum
923 2744 1022 2796 est,

177 2811 320 2851 arte.
352 2799 496 2847 Hinc
530 2797 760 2864 magicas
783 2831 798 2859 ‚
831 2813 1024 2864 nempe

178 2865 341 2914 istius
356 2863 569 2913 citharae
585 2895 600 2924 ,
624 2859 846 2911 chordas
860 2863 895 2911 J
899 2878 1021 2910 uve-

177 2929 329 2979 nalis
371 2924 602 3003 appel-lat
632 2941 644 2972 τ
689 2925 801 2990 ejus
836 2936 1023 2975 statuae

180 3005 394 3060 partem
414 2990 683 3040 dimidiam
705 2999 859 3038 terrae
881 3002 1028 3040 motu

182 3057 453 3108 corruisse
474 3055 664 3106 Strabo
685 3063 878 3103 narrat.

255 3185 315 3236 6.
363 3185 527 3236 Vetus
548 3181 742 3232 Thebe.
763 3181 908 3232 Urbs
922 3180 1052 3229 AE-·

1088 2671 1414 2731 accendunt,
1449 2677 1550 2720 etc.
1588 2669 1772 2720 ovibus
1800 2689 1922 2739 par·
1978 2674 1981 2679 ’

1088 2733 1274 2784 cebant
1290 2769 1304 2796 ,
1332 2734 1454 2800 quia
1472 2734 1645 2784 lanam
1664 2746 1716 2784 et
1731 2734 1813 2784 lac
1830 2738 1924 2786 ho-

1086 2797 1317 2848 minibus
1345 2799 1585 2865 praebent
1621 2815 1634 2845 ι
1672 2799 1748 2848 ita
1775 2816 1805 2848 e
1822 2815 1927 2850 suo

1089 2862 1372 2912 commodo
1439 2861 1525 2911 vel
1581 2862 1924 2915 incommodo

1090 2926 1236 2976 Deos
1258 2926 1591 2978 aestimabaiit
1604 2960 1619 2989 ‚
1640 2927 1926 2979 faciebant·

1125 3006 1210 3040 ue.

1090 3008 1126 3058 q
1162 3058 1238 3118 14.
1285 3053 1426 3104 Tale
1444 3053 1676 3118 facinus.
1713 3055 1926 3123 Nempe

1090 3117 1385 3180 hominum,
1400 3119 1485 3185 qui
1500 3120 1738 3170 carnibus
1747 3121 1926 3171 hinna-

1094 3183 1177 3232 nis
1205 3194 1562 3249 pascerentur3
1583 3183 1799 3250 qualem
1824 3183 1927 3231 Po·
1964 3230 1969 3233 ,

96 3306 99 3310 ,
180 3250 348 3320 gypti
368 3247 507 3298 clara
528 3265 541 3295 z
564 3258 770 3296 centum
787 3245 1032 3296 habuisse
1094 3244 1399 3314 lyphemuin
1422 3247 1642 3312 Ulysses
1662 3248 1923 3297 narrabat.

182 3325 375 3382 portas
389 3311 564 3364 fertur.
577 3311 671 3363 Est
680 3311 782 3365 alia
794 3311 1030 3377 ejusdem

1150 3308 1402 3380 >Ulyssem
1425 3311 1533 3366 Sat.
1557 3311 1820 3439 IXO.nota
1839 3315 1924 3377 45„
