2272 3937
246 279 374 340 ET
431 276 969 340 ’annotans
1036 276 1562 344 POET'ICIS.
1667 278 1793 360 429

47 376 227 428 niebat
262 416 279 439 ‚
336 380 459 447 quia
517 379 678 429 multa
739 379 989 430 docuerat
1046 379 1290 430 homines
1338 379 1404 433 ad
1459 379 1797 446 agriculturae

49 457 196 491 usum
232 445 533 511 spectantia.
1039 456 1044 461 ’
1232 465 1238 471 ·
1488 466 1501 472 ·

112 506 353 556 Pomona
392 508 679 568 flnctuum3
717 507 875 558 Flora
897 543 912 572 ‚
950 519 1041 557 seu
1079 508 1316 568 Chloris,
1356 505 1542 557 florum
1614 506 1795 557 erebat

53 585 249 620 euram.
272 572 408 620 Ludi
428 574 539 638 ejus
568 573 622 621 in
647 573 900 622 honorem
917 573 1171 625 'celebrati
1195 574 1513 624 vocabanttn·
1534 573 1574 620 F
1601 571 1758 621 oralia
1775 606 1790 634 ,

51 646 101 683 et
156 636 288 684 tuba
333 636 715 686 indicebantur.
758 636 1015 686 Praeterea
1053 654 1203 686 suum
1252 636 1471 706 singulis
1516 635 1746 685 fontibus
1773 669 1788 699 ,

48 696 220 749 fluviis
241 735 256 762 ‚
298 700 575 760 domibus,
613 700 941 762 hominibus,
964 702 1138 750 Deum
1171 700 1528 771 assignabant.
1561 701 1790 749 Domes-

48 761 133 810 tici
166 764 260 813 Dii
297 765 457 813 Lares
477 799 492 826 ‚
528 765 637 814 sive
660 765 879 814 Penates
916 765 1330 833 appellabantur.
1368 762 1533 815 Lares
1550 764 1788 815 vicorum

44 825 239 889 etiam,
289 829 635 894 itinerumque
683 830 934 894 praesides
982 840 1128 878 erant
1171 844 1183 877 ε
1223 833 1397 896 itaque
1459 829 1514 877 in
1576 827 1700 877 vicis
1739 839 1792 877 et

45 892 290 957 compitis
314 893 647 953 colebantur,
686 903 738 941 et
773 893 909 942 ludis
948 895 1002 941 in
1035 910 1217 942 eorum
1257 894 1514 942 honorem
1547 892 1787 941 celebra-

47 954 111 1002 tis
134 988 153 1013 ,
199 956 571 1023 Compitalitiis
604 968 968 1006 nomenerat.
1015 959 1170 1006 Tunc
1205 958 1479 1008 hominum
1523 955 1729 1022 effigies
1761 970 1793 1006 e

43 1016 167 1068 lana
196 1055 210 1080 ‚
251 1032 515 1086 tamquam
563 1019 792 1070 victimae
844 1021 1133 1088 piaculares
1165 1055 1202 1084 ‚,
1226 1020 1685 1088 suspendebantur
1734 1020 1791 1069 in

45 1085 295 1150 compitis
316 1118 332 1146 ,
358 1085 774 1157 rogabanturque
808 1086 1002 1147 Lares,
1033 1097 1091 1134 ut
1130 1087 1184 1134 in
1219 1084 1332 1135 haec
1364 1083 1639 1134 simulacra
1659 1083 1791 1132 iram

47 1157 98 1194 et
145 1165 331 1213 poenas
370 1148 698 1197 effunderent
722 1183 738 1210 ,
775 1149 818 1197 si
854 1166 980 1214 quas
1014 1150 1226 1216 ipsimet
1275 1149 1514 1211 homines
1557 1163 1788 1197 comme·

43 1211 293 1262 ruissent.
333 1212 464 1261 Cum
502 1211 667 1262 bullas
688 1213 837 1278 pueri
858 1216 1193 1281 deponebant
1213 1249 1229 1279 ,
1254 1231 1340 1263 eas
1367 1213 1588 1262 Laribus
1609 1227 1790 1262 conse·

45 1275 284 1325 crabant.
327 1276 498 1326 Canes
531 1275 633 1325 illis
671 1288 816 1325 erant
857 1278 1010 1326 dicati
1037 1313 1052 1339 ,
1089 1280 1282 1327 animal
1323 1277 1662 1326 domesticum
1688 1310 1701 1333 ‚
1739 1289 1794 1326 et

25 1338 203 1390 'fidele
237 1358 250 1400 ·‚
292 1339 495 1405 ipsique
534 1339 734 1388 canina·
788 1338 889 1389 elle
929 1341 1298 1391 vestiebantur.
1346 1343 1520 1391 Locus
1567 1340 1792 1390 Laribus

43 1403 197 1452 domi
224 1419 368 1452 sacer
393 1437 407 1463 ,
439 1403 720 1453 vocabatur
789 1404 1028 1453 ararium.
1054 1406 1221 1454 Iidem
1258 1405 1518 1454 Praestites
1551 1403 1792 1452 nomina-

43 1467 245 1516 bantur
267 1500 282 1530 ,
320 1466 577 1532 quasiqui
599 1466 761 1515 multa
780 1467 995 1517 familiis
1018 1471 1293 1518 commoda
1315 1478 1636 1535 praestarent.
1664 1466 1793 1516 Pro-

42 1532 226 1597 prium
253 1532 498 1596 cujusque
525 1531 750 1579 hominis
772 1544 965 1581 numen
1000 1531 1229 1581 Genium
1251 1533 1505 1582 vocabant
1528 1549 1542 1591 3
1569 1548 1803 1597 eumque,

41 1596 210 1645 simul
230 1611 348 1644 cum
372 1610 477 1659 uno
500 1609 707 1660 quoque
727 1597 882 1647 ,nasci
900 1629 914 1657 ,
942 1607 994 1644 et
1017 1598 1151 1645 mori
1185 1596 1581 1653 arbitrabantur.
1601 1595 1793 1661 Dupli-v

46 1675 165 1709 cem
201 1659 499 1709 statuebant
546 1658 774 1708 Genium
806 1694 821 1723 ‚
867 1659 1083 1712 alterum
1127 1661 1407 1710 candidum
1444 1672 1496 1708 et
1539 1656 1742 1707 felicem
1776 1677 1791 1720 ;

45 1724 277 1774 alterum
322 1722 533 1791 nigrum
575 1734 627 1771 et
661 1724 925 1772 sinistrum
954 1758 969 1788 ,
1003 1726 1098 1791 ‘qui
1143 1725 1185 1773 si
1223 1724 1342 1773 albo
1384 1733 1520 1774 esset
1564 1721 1789 1783 fortior,

41 1789 299 1837 omnibus
348 1786 643 1836 infortuniis
700 1787 945 1837 miserum
999 1788 1267 1839 liominem
1327 1788 1462 1837 male
1519 1786 1790 1836 multabat.

43 1852 389 1902 Feminarum
425 1851 630 1905 Genios
669 1851 1005 1917 appellabant
1043 1854 1302 1903 Junones.
1346 1853 1568 1918 Serpens
1615 1850 1791 1901 Genio

46 1916 255 1966 dicatus
277 1927 402 1965 erat.
425 1915 626 1964 'Rerum
648 1917 989 1965 humanarum
1011 1918 1172 1966 veluti
1197 1919 1398 1966 clavum
1422 1916 1794 1964 moderabatur

44 1981 291 2030 Fortuna
306 2015 321 2044 ‚
336 1981 449 2031 Dea
470 1996 609 2030 caeca
626 2014 639 2042 ‚
658 1983 789 2031 rotae
807 1982 1038 2032 insidens
1052 1981 1274 2031 volubili
1291 2017 1305 2043 ,
1329 1982 1446 2032 etin
1463 1980 1575 2029 sola
1590 1980 1795 2029 incons-

43 2045 225 2095 tantia
271 2057 528 2094 constans.
577 2045 718 2093 Huic
764 2041 989 2096 maxinie
1021 2046 1423 2118 supplicabant,
1461 2043 1614 2117 eique
1651 2044 1791 2093 varia

43 2109 276 2160 diversis
292 2109 592 2158 nominibus
606 2108 802 2176 templa
823 2112 993 2177 posita
1012 2112 1362 2177 reperiuntur.
1385 2110 1441 2158 Si
1461 2127 1474 2155 ι
1498 2124 1574 2156 uis
1591 2100 1794 2157 t‘ortuna

44 2171 293 2223 secunda
313 2183 364 2221 et
383 2173 588 2223 favente
623 2173 919 2236 abuteretur
937 2209 962 2237 ,A
986 2174 1128 2224 hunc
1145 2175 1407 2240 plectebat
1486 2172 1673 2230 emesis
1694 2205 1708 2233 ,
1741 2184 1795 2221 et

43 2238 310 2308 indignos
341 2236 673 2305 ingratosque
697 2238 1053 2288 ulciscebatur.
1085 2239 1316 2292 Inditum
1344 2239 1401 2286 id
1435 2236 1509 2284 illi
1534 2251 1729 2285 nomen
1762 2254 1795 2285 a

44 2318 189 2354 voce
214 2300 396 2351 Graeca
452 2317 529 2368 uae
548 2300 797 2369 fignificat
816 2303 1118 2356 distribuere
1135 2338 1150 2366 ‚
1175 2305 1293 2369 quia
1309 2317 1492 2369 poenas
1508 2312 1559 2349 et
1578 2302 1796 2366 praemia

45 2365 342 2432 unicuique
362 2319 522 2413 veliufi
546 2365 838 2416 devidebat.
868 2368 1027 2416 Dicta
1056 2355 1264 2433 quoqu‘e
1298 2366 1485 2442 legitur
1506 2364 1761 2413 Adrastea
1778 2365 1805 2424 3'

43 2430 138 2481 vel
186 2430 254 2479 ab
296 2429 724 2497 At‘lrasto,u·eg.e
765 2431 1077 2500 Argivorum
1102 2466 1118 2494 ,
1164 2434 1252 2498 qui
1292 2444 1488 2496 prunus
1535 2445 1677 2477 aram
1704 2427 1803 2477 ‘illi'

47 2493 301 2545 condidit
327 2526 341 2554 ,
382 2494 461 2541 vel
505 2493 646 2559 quod
682 2510 838 2543 nemo
874 2495 1017 2544 illam
1053 2507 1232 2563 posset
1271 2493 1504 2563 effugere
1544 2526 1558 2554 ,
1602 2503 1658 2540 ut
1694 2508 1798 2541 vox

48 2559 456 2609 Graeca'sonat.
488 2558 823 2623 Rhamnunte
864 2562 1066 2628 (pagus
1105 2560 1297 2608 Articae
1339 2559 1435 2608 fuit
1469 2557 1496 2621 )⁴
1535 2556 1797 2624 praecipue

46 2620 357 2674 colebatur.
392 2620 535 2669 Hinc
568 2620 891 2671 Rhamnusia
917 2635 1128 2673 vocatur
1149 2641 1177 2671 a
1200 2623 1389 2694 poetis.
1415 2622 1624 2670 Alatam
1649 2620 1807 2668 exhi-t

45 2688 265 2738 bebant
296 2717 311 2746 ,
350 2683 417 2733 ad
464 2683 857 2737 sionificandam
908 2686 1228 2736 celeritatem
1288 2702 1562 2761 poenarum
1597 2717 1615 2743 ,
1681 2700 1800 2754 quae

47 2753 132 2803 im
183 2751 263 2798 ios
295 2763 402 2797 non
437 2757 513 2799 tar
553 2762 585 2795 o
616 2749 751 2814 pede
770 2753 1152 2817 ‘consequuntur
1177 2768 1188 2797 ε
1213 2751 1523 2799 insidentem
1546 2760 1676 2802 rotae
1693 2783 1709 2811 ,
1746 2759 1804 2798 ut

43 2819 109 2867 in
156 2815 360 2863 icarent
379 2828 493 2860 earn
511 2809 917 2862 vicissitudinem
934 2816 1033 2885 qua
1048 2815 1252 2864 delictis
1267 2827 1440 2880 poenae
1457 2813 1771 2879 respondent
1785 2847 1801 2875 ,

46 2882 238 2950 iisque
269 2877 569 2936 succedunt.
604 2875 668 2928 In
699 2875 931 2930 Deorum
969 2879 1127 2927 etiam
1158 2887 1429 2928 numerum
1452 2877 1809 2940 referebantur

46 2946 235 3002 Nox,
285 2939 336 2989 et
380 2941 605 2991 Somnus
628 2973 643 3001 ,
687 2938 795 2988 sive
833 2937 1144 3007 Morpheus.
1197 2944 1277 2992 Ex
1333 2954 1551 3016 utroque
1596 2941 1807 3007 genitus

47 3011 290 3061 Momus
309 3004 435 3053 ludo
455 3005 686 3070 jocisque
709 3004 1042 3115 praesidebat.
1524 3017 1531 3022 ’
1782 3019 1787 3025 ·

122 3070 314 3122 Po'sita
334 3085 539 3134 quoque
561 3080 707 3141 temp

47 3150 110 3190 et
151 3131 389 3192 morbis;
425 3144 482 3181 ut
512 3131 734 3181 Invidiae
765 3166 779 3191 ‚
815 3132 1004 3181 Fraudi
1032 3169 1047 3193 ,
1086 3134 1376 3183 Calumniae
1411 3168 1426 3196 ‚
1469 3133 1770 3183 Discordiae·
1791 3144 1815 3191 ‚'

47 3198 256 3253 Furori
270 3231 285 3259 ,
307 3197 460 3246 Febri
481 3232 495 3258 ,
512 3197 697 3246 Pavori
715 3231 729 3258 ‚
746 3196 1045 3264 Paupertati
1062 3233 1075 3259 ,
1097 3198 1410 3247 Necessitati
1430 3232 1446 3251 .
1462 3198 1809 3273 Tempe-stati.

50 3260 394 3328 Illud'paulo
424 3261 612 3310 rectius
632 3295 646 3320 ‚
679 3262 824 3327 quod
859 3261 1073 3310 eosdem
1094 3262 1323 3311 honores
1344 3262 1632 3312 tribuerent
1652 3263 1812 3309 virtu-

50 3330 212 3383 tibus
234 3363 250 3393 ‚
285 3325 476 3390 Fidei,
514 3325 747 3379 Justitiae
790 3325 898 3381 sire
942 3326 1197 3391 Astraeae3
1218 3325 1458 3391 „Pietati‚
1501 3326 1772 3380 Pudicitiae
1797 3359 1814 3390 ,

1294 3553 1345 3574 ae

730 3084 760 3116 a
775 3067 1072 3124 visebantur
1088 3062 1242 3119 variis
1258 3059 1506 3118 sceierum
1530 3067 1772 3134 monstris
1789 3103 1806 3133 ,
1842 3068 1845 3073 '
1894 3108 1909 3118 .
