2272 3937
310 191 431 277 5712
753 161 1622 254 Ammss‘nsu

204 287 289 364 40
312 294 391 354 Et
418 293 608 376 magis
631 293 860 353 auratis
883 292 1168 373 pendens
1198 291 1594 374 laquearibus
1620 295 1778 353 ensis
1844 330 1847 335 -

308 376 666 453 Purpureas
695 372 910 433 subter
938 374 1210 450 eervices
1241 373 1500 431 terruit?
1529 375 1692 432 Imus
1720 419 1735 439 ‚

227 454 236 461 ’
311 455 486 514 Imus
513 454 890 533 proecipite5‚
918 453 1109 533 quarn
1139 453 1189 511 si
1216 452 1330 511 sibi
1357 452 1522 527 dicat
1551 467 1615 511 et
1639 453 1809 510 intus

311 533 552 593 Palleat
580 532 798 592 infelix
817 578 834 603 ‚
858 529 1033 614 quod
1062 533 1355 611 proxima
1377 531 1614 591 nesciat
1644 552 1830 595 uxor.

314 615 494 693 Saepe
523 612 740 674 oculos
761 657 775 682 ‚
805 612 1103 690 memini,
1132 610 1449 693 tingebam
1475 630 1697 689 parvus
1724 610 1890 672 olivo
1913 658 1932 681 ,

194 685 276 766 45
310 692 596 752 Grandia·
612 694 661 752 si
687 691 923 751 nollem
953 694 1242 750 morituri
1268 688 1736 750 verba-Catorfls

313 774 576 837 Discere
600 771 676 831 ab
702 772 924 848 insano
950 769 1220 829 multum
1249 769 1561 829 laudanda
1582 772 1876 850 magistro
1901 812 1920 842 ‚

322 853 481 932 Quae
511 866 692 932 pater
716 850 1002 910 adductis
1032 849 1262 909 sudans
1292 849 1538 909 audiret
1565 853 1792 909 amicis.

320 933 355 991 J
363 953 475 992 ure
500 935 735 993 etenim
754 930 821 990 id
839 950 1155 990 summum
1172 974 1186 1002 ‚
1215 918 1371 1012 quid
1393 930 1615 989 dexter
1633 932 1809 990 senio
1835 928 2069 1001 ferret,

312 1089 390 1123 an
429 1072 681 1139 majorem
714 1071 969 1121 Damocle·
1000 1072 1145 1121 ensis
1180 1086 1211 1120 e
1251 1068 1497 1145 laqueari
1530 1085 1829 1136 appensus,
1867 1079 1926 1119 et
1955 1069 2071 1133 ejus

311 1139 475 1202 capiti
512 1137 794 1185 imminens
822 1169 841 1196 ,
883 1136 1119 1184 timorem
1163 1133 1348 1184 attala
1368 1163 1407 1196 ,x
1427 1137 1590 1200 quam
1637 1133 1801 1199 affert
1835 1135 2068 1200 improbo

313 1201 576 1250 cruciatus
600 1199 873 1249 sceler-acce
890 1199 1252 1262 conscientiae,
1278 1200 1397 1248 ct‘cm
1417 1200 1493 1248 ita
1512 1215 1567 1248 se
1592 1198 1916 1264 alloquitur.-
1946 1199 2069 1247 Heu

302 1282 465 1332 pereo
496 1265 683 1325 miser,
725 1270 780 1313 et
804 1277 1043 1330 praeceps
1077 1264 1136 1312 in
1171 1263 1397 1313 exitium
1440 1264 1562 1312 ruo!
1598 1267 1759 1337 quom
1797 1261 1922 1329 ‘illae
1946 1262 2069 1325 for-

313 1330 541 1378 midines
560 1327 750 1393 quibus
770 1337 1002 1379 vexatur
1029 1327 1093 1376 ob
1123 1344 1223 1376 sua
1246 1327 1446 1377 scelera
1466 1361 1483 1387 ,
1509 1336 1800 1393 tacztusque
1833 1327 2036 1377 roditur·
2051 1361 2067 1388 ,

312 1394 450 1443 adeo
487 1402 547 1440 ut
575 1391 704 1440 illas
731 1393 946 1458 'aperire
981 1392 1165 1442 amicis
1197 1425 1214 1455 ,
1266 1408 1331 1441 ac
1382 1408 1451 1442 ne
1501 1394 1657 1439 umori
1691 1391 1911 1457 quidem
1953 1405 2067 1440 suae

313 1457 543 1517 audeat!
567 1456 834 1522 Equidem
864 1457 983 1505 ciam
1016 1472 1180 1506 essem
1193 1455 1486 1522 parvulus,
1525 1455 1744 1504 memini
1776 1471 1861 1503 me
1891 1455 2067 1504 oleum

312 1522 479 1571 oculis
511 1520 800 1571 admovisse
833 1536 938 1589 non
972 1518 1175 1577 semel,
1204 1529 1266 1568 ut
1299 1520 1474 1586 lippus
1516 1534 1628 1567 esse
1647 1552 1668 1579 ,
1704 1528 1803 1568 aut
1825 1518 2066 1568 labor-are

312 1586 477 1634 oculis
513 1585 724 1645 viderer
744 1601 765 1641 ;
802 1584 963 1649 idque
987 1582 1264 1657 sedebam
1286 1617 1300 1645 ‚
1337 1600 1405 1646 ne
1447 1583 1753 1632 mandarem
1799 1584 2066 1633 memoriae

311 1651 599 1698 orationem
644 1648 859 1698 Catonis
903 1647 1160 1699 Utzcensis
1202 1647 1463 1708 morituri,
1512 1647 1706 1711 grandi
1743 1647 1882 1713 stylo
1926 1663 2061 1696 com-

307 1714 538 1778 positam
558 1746 574 1775 ,
616 1727 777 1776 quam
803 1714 1110 1760 recitaturus
1146 1726 1309 1759 essem
1333 1710 1581 1769 scilicet‚·
1603 1711 1862 1760 laudante
1898 1713 2057 1761 velze-

311 1787 520 1831 menter
556 1775 802 1840 nmgistm’
838 1791 980 1834 meo,
1021 1784 1078 1823 et
1094 1784 1249 1840 patre
1284 1790 1401 1824 eum
1445 1775 1628 1823 amicis
1662 1775 1901 1824 invitatis
1938 1792 2058 1825 eam

312 1840 591 1895 audiente,
615 1856 679 1888 ac
703 1848 965 1888 metuente
983 1839 1214 1903 graviter
1234 1854 1301 1886 ne
1329 1839 1467 1888 inter
1481 1838 1902 1888 ‘declamandum
1974 1856 2055 1888 ec·

311 1920 505 1955 car-em.
525 1903 602 1953 Et
626 1905 750 1953 vero
768 1902 829 1951 ἱη
843 1901 949 1951 illa
970 1911 1128 1952 aetate
1139 1899 1258 1967 jure
1277 1903 1664 1977 quodammodo
1683 1902 1914 1953 videbar
1955 1903 2057 1952 udo

303 1970 478 2035 potitis
510 1971 672 2034 quam
708 1966 895 2018 litteris
933 1954 1188 2017 delectari
1222 1985 1240 2015 .·
1280 1967 1338 2016 zd
1364 1967 1638 2034 praecipue
1661 1978 1784 2017 tunc
1816 1968 2063 2035 optabam

307 2089 418 2159 ris,
452 2092 644 2144 Siciliae
666 2093 989 2169 Tyrannus‚¹
1014 2093 1153 2144 sole-

308 2157 402 2210 bat
444 2158 685 2207 homines
720 2174 775 2206 m
811 2174 951 2208 aereo
1002 2168 1155 2207 tauro

307 2220 576 2272 includere
604 2257 619 2285 ,
665 2221 747 2271 cui
800 2237 925 2270 mox
973 2221 1153 2289 ignem

307 2285 643 2352 subjiciebat,
681 2301 740 2335 ac
760 2285 908 2335 vivos
943 2285 1151 2335 ululan-

308 2359 491 2417 tesque
509 2348 694 2399 misere
715 2349 955 2399 necabat.

370 2418 427 2477 4¹
443 2450 454 2460 .
476 2414 768 2479 Purpureas
785 2416 1023 2462 cervices.
1044 2412 1147 2463 Ca-

306 2489 404 2542 put
417 2476 687 2525 Damoclis
703 2475 878 2538 aulici,
890 2480 1151 2544 purpurea

307 2536 454 2589 veste'
488 2540 674 2589 induti.
712 2538 996 2589 Damocles
1031 2542 1148 2591 cum

307 2601 544 2654 laudaret
591 2601 877 2652 adulatorie
933 2603 1151 2657 felicita-

307 2673 414 2716 tem
434 2665 680 2733 Dionysii
696 2701 712 2728 ,
728 2666 828 2716 Sici
837 2666 921 2717 liae
944 2669 1151 2735 Tyran-

306 2731 397 2795 ni,
436 2731 559 2780 fecit
596 2730 676 2779 illi
712 2742 961 2796 tyrannus
983 2729 1148 2790 ‘vafer

307 2793 610 2861 experiendi
670 2794 893 2861 copiam.
948 2795 1143 2845 Homi-

306 2873 429 2907 nem
451 2858 517 2907 ad
539 2859 837 2907 instructam
857 2858 1004 2927 regio
1021 2855 1144 2910 luxu

310 2923 543 2971 mensam
585 2923 729 2986 jubet
774 2922 1075 2973 accumbere
1123 2942 1140 2986 ς

308 2987 401 3034 sed
433 2985 587 3034 simul
628 3002 657 3035 e
695 2986 926 3053 laquem-i
964 3002 1142 3037 ensem

304 3050 499 3098 nudum
541 3049 728 3116 equina
749 3053 862 3099 sera
894 3052 1142 3116 suspendi

302 3113 456 3181 supra
510 3112 650 3163 illius
671 3159 674 3162 .
695 3116 858 3179 caput*
894 3114 1136 3180 imperat.

1219 2091 1442 2142 felicitas
1478 2091 1690 2161 Regum
1729 2103 1867 2141 esset
1897 2108 2058 2161 agno-

1218 2155 1294 2210 vit
1310 2190 1340 2231 ,⁹
1360 2157 1596 2224 soIvique
1632 2172 1690 2205 se
1718 2155 1953 2222 periculo
1976 2172 2059 2207 ro-

1263 2231 1384 2270 avit.

1224 2239 1261 2290 g
1282 2285 1364 2349 45.
1391 2285 1623 2334 Catonis.
1646 2282 1766 2332 Fuit
1781 2281 1873 2332 ille
1893 2292 2067 2352 nepos

1217 2347 1300 2398 M.
1323 2348 1491 2397 Porcii
1515 2348 1761 2408 Catonis„
1795 2348 2058 2402 Uticensis

1217 2412 1384 2461 dictus
1399 2446 1414 2473 ,
1438 2412 1562 2478 quia
1579 2423 1698 2478 post
1710 2411 2055 2462 Pharsalicam

1255 2494 1282 2524 u
1308 2493 1445 2524 ruam
1467 2475 1660 2542 recepit
1685 2491 1741 2524 se
1759 2475 1975 2525 Uticam
2002 2476 2053 2524 in

1215 2491 1295 2589 {Tr
1312 2556 1417 2589 >em
1440 2539 1634 2589 Africae
1651 2573 1666 2602 ,
1685 2539 1773 2587 ubi
1791 2573 1805 2601 ‚
1823 2556 1892 2588 ne
1912 2540 2055 2590 veni-

1211 2614 1290 2653 ret
1313 2604 1366 2652 in
1391 2619 1573 2653 manus
1590 2603 1813 2654 Caesaris
1834 2637 1852 2664 ,
1875 2603 2053 2674 gladio

1211 2682 1268 2716 se
1293 2667 1536 2717 confecit.

1307 2732 1352 2782 8.
1376 2733 1446 2782 Id
1457 2747 1732 2784 summum.
1763 2731 2059 2784 Videbatur

1210 2795 1281 2842 mi
1304 2796 1339 2843 ιί
1360 2793 1521 2861 puero
1538 2811 1770 2845 summus
1809 2795 1904 2845 ille
1926 2810 2055 2864 apex

1210 2857 1474 2908 felicitatis
1507 2893 1522 2922 ,
1562 2871 1615 2908 et
1652 2870 1892 2908 votorum
1944 2877 2054 2909 om-

1210 2922 1353 2971 nium
1372 2957 1388 2985 ‚
1412 2923 1542 2972 scire
1584 2923 1697 2984 alea
1733 2921 1935 2973 ludere.
1960 2924 2050 2974 Se-

1208 2987 1298 3035 nio
1336 2998 1445 3037 erat
1466 2986 1557 3035 ille
1579 2989 1741 3058 jactus
1760 3021 1774 3046 ,
1804 3003 1911 3052 quo
1939 2989 2051 3054 quis

1245 3062 1397 3100 uncta
1418 3067 1507 3100 sex
1529 3050 1780 3120 afferebat
1795 3050 1853 3098 in
1876 3052 2050 3121 singu-

1223 3115 1268 3163 is
1311 3114 1516 3165 tesseris
1531 3149 1545 3177 ,
1590 3127 1715 3181 quae'
1744 3113 1908 3191 vulgo
1945 3127 2050 3167 tres

298 3174 611 3240 DamocleS,
647 3177 748 3226 hoc
786 3187 930 3229 metu
951 3181 1133 3229 exani·
1196 3177 1518 3244 jaciebantur
1548 3212 1564 3240 ‚
1623 3190 1837 3245 eratque
1875 3190 2041 3243 jactus

293 3243 489 3306 matus,
512 3242 665 3308 quam
688 3241 843 3310 anxia
862 3249 914 3294 et
934 3243 1132 3297 misera
1197 3244 1432 3308 omnium
1463 3241 1828 3306 felicissimus3
1862 3243 2036 3307 contra
