2272 3937
350 230 469 309 453ss
692 209 1471 293 APPENDIX-DE
1519 231 1777 306 ons-

352 333 567 381 Theseo
583 365 598 391 ,
624 332 839 385 Castore
859 366 873 393 ,
900 330 1113 383 Polluce
1131 363 1146 392 ,
1178 330 1393 397 Orpheo
1417 366 1431 392 ,
1456 331 1500 380 L
1539 344 1670 379 nceo
1690 363 1705 392 ‚
1734 329 1933 397 *Typhi
1956 365 1970 391 ‚
1997 338 2109 383 etc.'

352 398 526 445 navim
567 397 645 445 Ar
683 412 716 445 o
751 396 1062 458 fabricavit,
1099 395 1334 445 trabibus
1376 411 1406 444 e
1437 395 1508 442 Pe
1532 394 1584 443 io
1614 405 1796 443 monte
1832 397 2093 462 sumptis,

351 462 460 509 sive
482 495 498 523 ,
535 470 594 516 ut
636 460 728 511 aii
765 461 1004 521 tradunt,
1038 475 1067 507 e
1102 458 1401 513 Dodonaea⁴
1422 458 1590 521 silva,
1645 459 1793 522 cujus
1832 460 2116 523 ‚ar-bores,⁴

350 540 481 581 voce
508 524 780 591 praeditae,
821 525 1048 574 edebant
1086 522 1314 571 oracula.
1356 522 1564 588 Typhis
1596 521 1800 570 clavum
1829 523 2057 590 regebat
2078 542 2119 573 ι,

279 636 289 641 -
349 590 593 654 Lynceus
617 623 632 652 ‚
671 588 834 638 oculis
879 586 1189 639 acutissimis
1230 585 1407 636 valens
1425 620 1440 649 ,
1491 586 1711 647 breviar
1742 597 1794 635 et
1847 587 2099 653 scopulos

350 652 635 720 detegebat
656 669 669 701 ι
694 653 936 719 Orpheus
950 649 1479 719 navigationistaedia
1496 649 1704 699 levabat
1723 662 1883 700 cantu
1906 668 1921 699 t
1941 653 2100 702 ceteri

351 718 537 767 heroes
560 751 574 778 ‚
610 717 699 782 qui
733 717 894 783 vulgo
927 715 1170 764 dicuntur
1208 715 1528 784 Argonautae
1552 747 1567 775 ,
1597 730 1771 764 remos
1803 715 2097 783 agitabant.

351 781 505 831 Solus
529 779 784 830 Hercules
801 795 1004 830 cursum
1024 794 1310 853 parumper
1336 779 1661 843 retardabat,
1680 789 1796 828 tum
1813 779 1942 846 quia
1963 797 2096 846 pon-

352 844 477 894 dere
500 859 589 893 cor
632 845 735 892 oris
756 840 1083 910 deprimebat
1100 856 1275 892 navun
1293 877 1308 904 ‚
1327 854 1437 895 tum
1464 842 1582 908 quia
1601 843 1877 910 ingentem
1903 855 2115 895 stoma-.

352 909 506 958 chum
524 926 594 957 nu
619 908 653 957 li
671 909 795 958 satis
807 907 1098 975 implebant
1110 907 1244 966 cibi3
1263 908 1480 973 cumque
1496 922 1727 966 omnem,
1745 922 1870 974 quae
1886 909 2098 959 condita

349 973 407 1020 in
418 975 561 1022 cadis
583 972 864 1037 ferebatur,
883 982 1071 1038 'aquam
1094 971 1367 1033 hausisset,
1385 969 1523 1023 misit
1543 971 1764 1037 Hylam,
1785 972 2094 1022 adolescen-

350 1047 458 1086 tem
479 1038 578 1085 sibi
603 1053 778 1086 carum
791 1070 806 1098 ,
823 1036 892 1084 ad
906 1034 1160 1111 petendas
1173 1052 1202 1083 e
1220 1035 1395 1084 vicino
1408 1035 1553 1085 fonte
1573 1034 1681 1101 lym
1725 1036 1838 1084 has.
1891 1037 2094 1103 Lapsus

350 1102 407 1149 in
431 1102 625 1151 fonnem
651 1101 823 1167 Hylas
841 1134 858 1162 ‚
880 1115 989 1148 sive
1008 1115 1040 1147 a
1058 1099 1329 1165 Nymphis
1345 1134 1362 1158 ‚
1384 1110 1441 1147 ut
1458 1099 1681 1166 poetisp
1703 1111 1817 1150 acet
1836 1134 1855 1162 ,
1879 1092 2109 1167 raptus}
2176 1158 2183 1163 -

353 1168 373 1228 (
394 1177 511 1215 sunt
542 1164 648 1214 illae
686 1164 909 1213 fontium
934 1163 1103 1227 Deae)
1127 1162 1246 1211 cum
1278 1179 1385 1211 non
1408 1162 1600 1211 rediret
1618 1197 1633 1224 ‚
1660 1163 1938 1219 exscendit
1958 1166 2093 1214 Her·

350 1230 491 1278 cules
515 1244 635 1277 eum
663 1227 972 1295 quaesiturus
996 1260 1011 1289 ,
1049 1243 1109 1276 ac
1132 1227 1278 1275 socio
1295 1225 1522 1279 molesto
1556 1238 1792 1277 vectores
1827 1226 2091 1278 liberavit.

413 1294 580 1343 Navis
600 1294 701 1343 hoc
723 1305 880 1342 onere
898 1291 1067 1339 levata
1081 1302 1281 1357 .pet1·as
1296 1291 1337 1338 C
1379 1306 1534 1339 aneas
1548 1324 1562 1352 ,
1578 1307 1696 1358 quae
1714 1292 2094 1359 Symplegades

351 1369 629 1417 vocantur,
685 1366 1012 1415 raetervecta,
1030 1357 1339 1420 Metamorp
1377 1391 1388 1403 .
1412 1355 1532 1403 Lib.
1552 1372 1587 1429 7
1613 1366 1666 1404 et
1690 1358 1747 1405 15
1758 1390 1778 1416 ,
1802 1368 1857 1406 et
1869 1356 2096 1406 Pontum'

348 1422 613 1471 Euxinum
633 1375 855 1471 §feliciter
879 1435 1088 1469 emensa
1107 1452 1121 1479 ‚
1145 1418 1450 1467 Colchidem
1475 1419 1664 1486 attigit.
1682 1421 1720 1470 J
1723 1436 1854 1470 ason
1880 1428 2094 1470 atti-eum

348 1486 515 1535 vellus
531 1485 769 1545 abstulit3
799 1485 1074 1548 adjuvante
1094 1482 1293 1531 Medea
1308 1516 1323 1545 ‚
1358 1483 1725 1549 Metamorph..
1748 1485 1870 1535 Lib.
1892 1502 1922 1550 7
1939 1519 1954 1547 ,
1980 1502 2091 1552 quae

348 1551 454 1599 una
477 1567 594 1600 cum
611 1550 704 1599 illo
722 1548 930 1617 fugiens
957 1546 1368 1613 ianliessaliam
1382 1580 1397 1606 ‚
1422 1556 1480 1594 ut
1496 1556 1703 1613 patrem
1719 1548 1951 1601 AEetam
1973 1566 2089 1615 per·

348 1627 652 1682 sequentem
674 1622 961 1662 moraretur
978 1645 992 1671 ,
1015 1612 1301 1677 Absyrtum
1312 1609 1812 1661 statrem'interfecit
1830 1647 1847 1675 ,
1880 1615 2092 1680 ejusque

349 1679 610 1740 membra,
634 1678 734 1744 qua
747 1687 894 1743 pater
912 1675 1157 1735 instabat,
1176 1674 1445 1740 dissipavit
1460 1684 1480 1735 ς’
1497 1690 1612 1741 quae
1631 1675 1891 1750 colligens
1901 1678 2090 1738 Altera,

349 1742 429 1791 illi
442 1743 667 1809 spatium
689 1740 927 1807 fugiendi
946 1738 1107 1788 dedit.
1128 1740 1207 1788 Ut
1225 1739 1418 1788 Medea
1433 1740 1577 1788 venit
1601 1741 1638 1789 J
1641 1756 1816 1789 asoms
1841 1741 2060 1791 domum
2075 1775 2090 1804 ,

349 1806 619 1854 AEsonem
633 1807 743 1869 ejus
764 1814 965 1869 patrem
981 1837 996 1866 ,
1014 1802 1164 1852 annis
1180 1813 1242 1851 ’et
1260 1802 1456 1852 morbis
1476 1819 1707 1870 gravem,
1731 1807 1791 1852 in,
1809 1805 2095 1870 pristinum
2141 1820 2146 1825 ·

325 1905 329 1909 ,
350 1870 512 1918 robur
547 1885 609 1918 ac
653 1871 973 1933 juventutem
1024 1877 1131 1930 arte
1179 1865 1384 1933 magica
1426 1867 1667 1917 restituit.
1727 1869 2093 1941 warner-ph.

349 1934 476 1984 Lib.
498 1951 551 2000 7.
590 1936 664 1983 At
683 1932 880 1983 Peliam
897 1965 911 1993 ‚
960 1930 1196 1997 deceptis
1214 1932 1325 1996 ejus
1346 1931 1553 1980 filiabus
1571 1965 1585 1993 ,
1619 1932 1894 1999 jugulavit.
1909 1932 2094 1986 Meta-

349 2001 550 2064 morplz.
592 1999 715 2047 Lib.
752 2015 799 2061 7.
838 1997 874 2046 J
878 2005 1003 2046 ason
1052 1995 1256 2044 interea
1271 2029 1286 2056 ‚
1334 1995 1654 2045 ,Corinthum
1708 1998 1981 2071 profectus
2029 2000 2091 2048 ad

350 2062 633 2113 Creontem
657 2077 836 2128 regem
858 2094 873 2123 ‚
910 2062 1019 2125 eJus
1041 2057 1203 2110 filiam
1217 2058 1478 2110 'Creiisam
1498 2060 1777 2109 adamavit.
1812 2062 2019 2113 Medea
2040 2079 2091 2113 se

349 2138 577 2194 spretam
607 2125 814 2186 furens,
858 2123 1086 2173 arculam
1115 2123 1338 2191 gemmis
1357 2124 1632 2180 incantatis
1648 2123 1869 2191 plenam
1882 2126 2093 2177 Creiisae

349 2190 519 2251 misit,
541 2206 657 2256 quae
685 2189 810 2257 igne
836 2193 1090 2260 concepto
1112 2219 1128 2249 ,
1164 2197 1217 2235 et
1232 2188 1396 2254 ipsam
1416 2221 1431 2250 ,
1453 2199 1506 2237 et
1533 2188 2087 2259 Creontem-absump-

347 2265 544 2304 serunt.
559 2252 916 2317 Metamorph.
943 2250 1064 2300 Lzb.
1086 2267 1139 2315 7.
1155 2252 1353 2300 Medea
1415 2255 1495 2301 ost
1510 2253 1887 2318 exprobratam
1904 2257 1943 2307 J
1946 2256 2093 2305 asoni

348 2317 624 2386 perfidiam
647 2352 661 2379 ‚
688 2325 957 2381 susceptos
984 2329 1049 2363 ex
1072 2329 1138 2363 eo
1171 2314 1302 2363 duos
1326 2314 1360 2363 fi
1384 2331 1461 2364 ios
1483 2350 1501 2376 ,
1542 2316 1597 2364 in
1619 2317 1783 2383 ipsius
1807 2315 2092 2393 conspectu

348 2383 597 2432 mactavit
614 2417 629 2443 ‚
668 2379 918 2443 alatisque
964 2388 1111 2428 vecta
1148 2378 1501 2442 draconibus>
1535 2381 1779 2432 Athenas
1812 2393 1983 2433 evasrt
2026 2383 2093 2433 ad

348 2447 593 2520 AEgeum
629 2460 807 2513 regem
832 2459 844 2490 ι
871 2441 1091 2490 cuicum
1118 2443 1379 2511 nupsisset
1403 2478 1416 2505 ,
1456 2460 1516 2493 ac
1545 2443 1768 2493 Medum
1800 2446 1969 2500 filium
2007 2465 2096 2517 ge·

353 2521 553 2560 nuisset
576 2518 806 2572 ,conata
830 2517 907 2555 est
929 2504 1202 2555 Theseum
1229 2540 1244 2568 ,
1289 2508 1464 2576 AEgei
1485 2506 1650 2556 filium
1669 2543 1684 2572 ,
1718 2513 1752 2559 'e
1785 2512 1967 2562 medio
1994 2512 2096 2561 tol·

347 2572 457 2622 lere
482 2609 497 2634 ,
534 2587 738 2623 veneno
770 2571 900 2634 dato
925 2569 1065 2619 ised
1090 2568 1418 2682 deprehenso
1459 2571 1686 2636 scelere,
1726 2574 1873 2642 fugit·
1886 2576 1946 2624 in
1978 2593 2095 2627 eam

347 2638 493 2687 Asiae
519 2649 717 2705 partem
739 2669 753 2697 ,
829 2650 910 2684 uae
936 2633 1001 2683 ab
1025 2634 1135 2698 ejus
1179 2633 1268 2683 'lio
1289 2636 1474 2685 Media
1497 2647 1575 2700 est
1594 2638 1886 2688 nominata.
1906 2642 2095 2691 Meta·

350 2703 544 2767 morpb.
572 2702 695 2751 Lib.
726 2718 777 2765 7.
855 2708 1228 2767 rgonautarum
1253 2699 1640 2767 expeditionem
1664 2702 1993 2774 chronologi
2014 2722 2092 2755 as-

348 2765 559 2832 signant
578 2782 718 2815 anno
744 2774 863 2829 post
888 2762 1156 2812 conditum
1186 2761 1343 2810 Ilium
1372 2763 1702 2832 sexagesimo
1722 2779 1910 2834 quarto
1940 2786 1954 2817 t
1980 2781 2101 2820 ante

348 2832 459 2893 ejus
480 2831 661 2880 axosin
680 2865 695 2894 ,
735 2826 1121 2898 septuagesimo
1142 2840 1305 2875 none.
1333 2849 1356 2858 >⁴
1418 2859 1423 2864 ,

751 2956 918 3005 cn.
962 2957 1156 3005 xlx.
1226 2927 1659 3008 CADMUS.
1704 2919 1707 2926 ¹
1760 2931 1790 2998 “.

344 3062 392 3148 J
396 3104 609 3139 verrini
650 3090 707 3139 in
739 3100 943 3139 taurum
975 3104 1258 3153 conversus
1299 3090 1545 3157 Europen
1587 3090 1895 3159 Agenoris,
1930 3093 2097 3144 1²12oe-

327 3155 519 3203 ‘nicum
571 3153 709 3223 regis
755 3151 952 3214 filiam,
1016 3153 1303 3204 abduxerat
1328 3155 1405 3204 ‘in
1434 3155 1684 3204 Cretam.
1723 3157 2012 3216 Metamor
2047 3162 2100 3208 Ιι.

342 3219 547 3269 Lib.·2.
596 3219 815 3285 Agenor
856 3219 966 3282 ejus
1003 3218 1381 3285 investigandae
1425 3219 1698 3288 negotium
1734 3219 1946 3271 Cadmo
1982 3176 2102 3274 liiio

345 3280 524 3348 dedit,
571 3297 793 3353 eumque
812 3316 829 3347 ,
868 3281 969 3331 nisi
990 3282 1198 3349 reperta·
1217 3290 1394 3335 soro're
1415 3318 1431 3349 ,
1468 3291 1682 3335 domum
1706 3284 1882 3338 redire
1910 3286 2111 3352 vetuit.³
