2272 3937
287 203 410 283 324

771 204 853 264 D.
895 205 949 262 J.
997 202 1574 274 JUVENALIS

289 307 421 365 Ora
448 301 756 385 puellares
799 302 1038 364 faciunt
1056 305 1301 365 incerta
1323 304 1546 385 capilli.

286 388 345 445 N
354 402 546 445 aturae
573 385 839 464 imperio
867 385 1169 463 gemimus
1201 429 1217 451 ,
1246 392 1391 445 cum
1421 384 1611 443 funus
1638 382 1879 445 adultae

287 466 561 547 Virginis
589 466 865 524 occurrit
898 465 1039 534 ,vel
1065 468 1229 524 terra
1258 465 1537 525 cluditur
1554 462 1785 536 infans,

608 624 830 702 dignus

152 558 271 635 ¹40
290 547 371 606 Et
409 548 620 604 minor
663 546 807 626 igne
843 546 999 626 rogi.
1060 544 1214 625 Quis
1259 546 1429 605 enim
1467 542 1843 625 bonus‚aut
1896 542 2041 605 face

289 705 537 765 Arcana
557 749 570 773 ‚
602 703 853 785 qualem
882 703 1123 764 Cereris
1149 703 1281 763 vult
1307 724 1438 763 esse
1463 704 1750 764 sacerdos
1776 747 1796 773 ,

289 784 436 846 Ulla
461 783 664 844 aliena
706 784 821 843 sibi
843 784 1059 844 credat
1082 784 1285 843 mala?
1313 786 1572 862 Separat
1606 783 1731 844 hoc
1757 803 1875 842 nos

290 867 347 924 A
388 886 574 947 grege
597 879 919 923 mutorum
949 910 974 938 ,
997 880 1186 945 atque
1208 864 1353 923 ideo
1373 863 1728 923 venerabile
1758 863 1874 923 soli

199 947 212 967 ⁸
292 946 508 1004 Sortiti
541 945 863 1026 ingenium
884 988 898 1015 ‚
930 944 1413 1024 divinorumque
1452 963 1711 1022 capaces
1739 988 1755 1014 ‚

153 1036 272 1118 145
296 1027 522 1107 Atque·
545 1024 914 1084 exercendis
938 1068 955 1092 ,
988 1023 1432 1116 capiendisque
1458 1021 1688 1082 artibus
1707 1022 1835 1103 apti
1855 1066 1875 1092 ,

291 1113 554 1167 Sensum
581 1124 616 1162 a
636 1102 873 1164 coelesti
897 1103 1236 1163 demissum
1255 1117 1551 1163 traximus
1568 1123 1749 1180 arce,

284 1228 492 1293 fficiam
525 1227 771 1303 lacrymis
806 1226 1109 1277 madentem
1143 1227 1314 1277 crines
1341 1226 1576 1291 longiz'q,
1611 1235 1681 1276 «ιι
1702 1226 1911 1293 puellm
1941 1243 2043 1294 ge-

295 1302 419 1343 runt
435 1325 450 1354 ,
480 1295 720 1358 promissi
744 1292 1104 1357 perturbant,
1127 1289 1522 1357 offenduntque
1542 1327 1556 1350 ,
1583 1292 1717 1341 adeo
1736 1302 1797 1340 nt
1814 1308 1935 1341 eum
1948 1294 2044 1358 fa-

294 1356 402 1407 cile
436 1373 542 1405 non
572 1373 846 1423 agnoscas.
869 1357 1026 1405 Facit
1049 1358 1238 1406 eadem
1273 1366 1464 1405 natura
1483 1389 1498 1417 ,
1531 1365 1589 1404 ut
1613 1358 1673 1406 in
1688 1354 1884 1422 fletum
1912 1375 2040 1423 pro-

296 1429 601 1489 rumpatrms
619 1455 635 1482 ,
670 1422 786 1471 cnm
817 1421 1077 1486 virginem
1105 1422 1389 1471 immature!
1419 1421 1578 1469 morte
1611 1431 1814 1486 raptam
1844 1421 2044 1486 deferri

293 1485 541 1535 videmus
564 1485 640 1535 ad
666 1502 844 1551 rogum
866 1526 884 1549 ‚
914 1487 1030 1535 ciam
1053 1484 1319 1551 infantem
1348 1482 1590 1550 sepeliri,
1608 1486 1715 1612 ὅπα·
1736 1485 1909 1534 minor·
1928 1496 2039 1549 est,

293 1554 456 1618 quam
495 1560 555 1600 ut
593 1567 710 1615 rogo
740 1551 1072 1625 imponatur,
1115 1560 1171 1600 et
1203 1558 1574 1600 concremetur.

1664 1551 1744 1598 uis
1780 1552 1924 1598 enim
1948 1552 2041 1599 vir

284 1614 482 1680 probus
513 1625 625 1676 est,
662 1632 729 1665 ac
761 1616 950 1678 dignus
982 1616 1076 1679 qui
1144 1625 1276 1666 estet
1297 1616 1356 1663 in
1391 1613 1589 1663 Cereris
1610 1614 1770 1664 sacris
1791 1616 2005 1664 secretis
2023 1647 2040 1677 ,

292 1688 352 1727 et
392 1681 625 1754 mysterii
649 1677 976 1744 plenissimis
1006 1689 1076 1727 toe
1116 1696 1204 1727 am
1242 1695 1349 1728 non
1380 1678 1724 1741 exstinctam,
1756 1678 1904 1743 quod
1918 1696 2042 1745 pro-
2102 1703 2107 1708 ·

232 1779 242 1790 .
295 1742 476 1792 &itatis
491 1744 701 1808 signum
719 1743 1013 1792 sacerdotes
1032 1743 1267 1807 ejusdem
1295 1744 1494 1793 Cereris
1534 1757 1646 1790 esse
1665 1752 1860 1808 putant
1881 1742 2042 1808 longe

293 1807 663 1868 certissimum,
700 1808 849 1872 quis,
878 1808 1099 1873 inquam
1120 1842 1133 1869 ,
1162 1810 1248 1857 vir
1273 1808 1465 1873 probus
1486 1806 1775 1855 humanam
1814 1806 2040 1856 calami-

225 1925 228 1930 ·
271 1878 458 1919 'tatem
492 1871 664 1920 ullam
690 1887 796 1920 non
825 1880 987 1938 putat
1015 1872 1090 1921 ad
1125 1889 1183 1922 se
1209 1872 1288 1921 ali
1327 1889 1391 1921 uo
1424 1872 1574 1919 modo
1597 1871 1896 1935 pertinere?
1922 1872 2042 1936 Hoc

291 1936 532 1985 maxime
568 1935 919 2013 discrepamus
956 1953 988 1986 a
1023 1935 1233 1987 belluis.

1329 1948 1351 1988 t
1384 1937 1508 1987 vero
1541 1935 1642 1985 soli
1667 1944 1898 1986 mentem
1936 1953 2039 1985 nu-

290 2001 454 2050 minis
474 2000 722 2065 beneficio
741 2003 1046 2068 consequuti
1062 2019 1242 2052 sumus
1252 2000 1569 2068 praeclararn
1581 2031 1600 2059 ,
1630 1999 2003 2051 admirabilem
2020 2035 2042 2061 ,

290 2072 348 2112 et
372 2065 521 2114 rebus
555 2065 745 2115 divinis
780 2067 1051 2133 capiendis
1084 2082 1191 2115 non
1229 2068 1428 2126 minsis,
1468 2067 1628 2131 quam
1669 2066 2043 2130 excogitandis

280 2127 660 2196 poliendis-que
697 2130 897 2181 artibus
929 2131 1196 2182 idoneam.
1218 2131 1381 2182 Hanc
1419 2129 1488 2179 ab
1527 2130 1636 2197 ipso
1673 2130 1806 2180 coelo
1825 2129 2045 2180 ductam

295 2280 303 2289 ,
359 2236 471 2298 140.
505 2236 695 2285 Minor·
730 2237 855 2302 igne
881 2237 1006 2302 rogi.
1037 2237 1127 2285 In·

1195 2235 1364 2286 Porro
1381 2253 1442 2289 ea
1460 2252 1601 2289 sacra
1618 2247 1779 2286 noctu
1799 2249 1859 2284 ac
1878 2235 2042 2286 silen-

284 2297 456 2348 fantes
475 2332 491 2362 ,
519 2298 707 2365 quibus
741 2302 976 2350 nondum
1017 2301 1129 2351 nati
1192 2301 1269 2350 tio
1290 2301 1704 2371 peragebantur,
1743 2308 1795 2347 et
1826 2315 1890 2350 ea
1920 2300 2039 2349 vul-

285 2360 471 2412 dentes
506 2362 679 2414 forent
707 2380 937 2415 cremare
966 2365 1128 2416 moris
1193 2380 1316 2433 gare
1329 2365 1659 2426 nefas;Vide
1671 2363 1862 2412 Horat.
1879 2362 2039 2414 Oden

284 2426 427 2492 apud
448 2426 721 2478 Romanos
741 2443 849 2478 non
869 2440 979 2479 erat
993 2463 1008 2490 ,
1032 2431 1126 2480 sed

284 2488 451 2539 humo
472 2489 717 2542 condere.

348 2554 497 2605 Face
516 2572 734 2607 arcana.
754 2556 958 2607 Eleusis
978 2556 1126 2624 oppi-

282 2616 410 2667 dum
432 2629 515 2668 est·
537 2620 761 2685 Atticae,
797 2636 905 2671 non
940 2621 1124 2688 procul

279 2682 524 2733 Athenis.
562 2683 649 2732 Ibi
680 2701 928 2754 regnasse
964 2683 1126 2734 fertur

278 2746 554 2821 Ijileusjus,
584 2760 635 2799 et
658 2750 907 2800 Cererem
940 2748 1123 2815 hospi·

273 2819 357 2858 uo
391 2812 659 2878 excepisse
678 2849 691 2874 ‚
711 2816 851 2871 chlm
878 2811 1120 2861 amissam

276 2871 445 2924 filiam
489 2876 616 2926 orbe
666 2888 779 2928 toto
831 2875 1121 2928 errabunda

317 2951 553 2990 uaereret.
611 2942 756 2993 Hinc
816 2939 1009 2991 factum
1064 2952 1122 2990 nt

329 3002 515 3054 leusini
531 3021 673 3056 sacra
689 3006 893 3055 Cereris
912 3004 1122 3075 religio·

279 3082 348 3115 ne
385 3069 650 3136 praecipua
684 3069 1033 3131 celebrarent,
1062 3070 1118 3119 in

277 3128 445 3244 iisque
459 3144 720 3202 gestarent
738 3140 978 3184 accensas
993 3133 1123 3184 Iam-

278 3209 366 3257 pat
386 3212 439 3247 es
472 3213 531 3246 ac
566 3196 927 3259 decurrerent,
966 3198 1118 3264 quasi

280 3255 525 3321 Cererem
548 3270 805 3314 errantem
826 3261 1115 3319 imitantes.

1189 2446 1220 2476 2
1241 2463 1258 2489 ,
1289 2428 1412 2481 Lib.
1454 2430 1537 2478 111
1557 2465 1573 2491 ‚
1609 2443 1730 2495 pag.
1762 2428 1880 2476 me&
1910 2432 2037 2494 1473

1188 2509 1287 2559 neq
1295 2509 1359 2543 ue
1374 2494 1437 2544 iis
1451 2496 1733 2549 intererant
1747 2492 1851 2541 nisi
1864 2492 2037 2542 homi-

1187 2573 1280 2606 nes
1293 2570 1538 2622 spectatae
1551 2556 1843 2626 probitatis.
1873 2555 2038 2622 Cujus

1187 2619 1440 2672 indicium
1472 2624 1574 2672 hoc
1610 2619 1906 2671 sacerdotes
1934 2638 2035 2689 pp-

1187 2684 1375 2735 tabant
1409 2703 1522 2736 esse
1564 2685 1909 2735 certissimum
1932 2720 1948 2748 ,
1991 2686 2037 2734 si

1188 2751 1334 2816 cujus
1396 2750 1482 2800 fax
1529 2750 1664 2801 inter
1718 2749 2039 2799 currendum

1189 2815 1445 2865 exstincta
1487 2814 1597 2863 non
1628 2811 1831 2863 fuisset.

1256 2883 1365 2943 142.
1390 2880 1619 2929 Aliena.
1647 2877 1771 2925 Huc
1798 2876 2035 2942 perfinet

1187 2957 1250 2990 ea
1270 2960 1373 2993 vox
1391 2941 1697 2995 Terentiani
1731 2941 2036 2990 Chremetis

1187 3008 1253 3056 ad
1266 3006 1643 3065 Meneden'mm
1666 3023 1676 3054 ε
1695 3007 1866 3054 Homo
1881 3020 1999 3054 sum
2013 3038 2034 3063 ,

1185 3072 1407 3122 humani
1435 3090 1468 3122 a
1503 3089 1583 3120 me
1617 3069 1754 3119 nihil
1786 3069 2034 3118 alienum

1176 3147 1325 3202 puto.
1375 3139 1436 3185 In
1470 3134 2037 3186 Heautontimorume-

1184 3216 1255 3252 no
1270 3236 1288 3267 ,
1315 3202 1432 3255 Act.
1456 3200 1483 3250 1
1501 3234 1520 3267 ,
1566 3199 1721 3253 Scen.
1747 3214 1795 3250 ι.
