2272 3937
371 207 449 250 10
814 170 1672 256 D.J.J1J'VENA1.13

366 287 723 370 Argentum
744 302 925 349 vetus
945 335 960 360 ‚
986 304 1051 349 et
1078 304 1348 351 stantem
1379 278 1553 351 extra
1579 290 1810 372 pocula
1830 311 2172 373 caprum.

336 367 581 447 2‘Quem
608 369 842 448 patitur
869 369 1148 430 dormire
1173 372 1366 431 nurus
1391 388 1730 452 corruptor
1758 393 1996 448 avarae,

226 474 308 537 53
368 447 581 527 Quem
603 466 848 529 sponsae
1018 469 1114 521 ea,
1136 464 1214 510 ·et
1276 466 1630 511 raetextatus
1659 451 1907 514 adulter
1930 462 1955 514 ἰ

370 528 434 586 Si
466 542 692 591 natura
720 543 937 611 negat,
993 531 1117 591 acit
1142 531 1209 589 in
1256 533 1488 613 ignatio
1518 544 1771 593 versum

370 609 920 691 Qualemcumque
936 622 1181 690 potest:
1210 611 1427 692 quales
1445 631 1480 670 e
1524 631 1563 671 o
1581 658 1595 682 ‚
1624 612 1722 671 vel
1744 609 2146 673 Cluvienue.

367 685 373 691 ⁴
451 689 549 748 Ex
576 708 705 770 quo
726 691 1079 751 Deucalion
1098 728 1116 761 ‚
1138 688 1364 751 nimbis
1391 705 1457 751 to
1507 691 1753 751 entibus
1779 712 2013 772 aequor
2030 737 2052 765 ,

370 770 634 851 Navigio
658 783 945 829 montem
969 770 1280 841 ascendit,
1311 786 1510 832 sortes
1557 791 1640 831 ue
1662 773 1982 851 poposcit,

377 849 811 930 Paulatimque
834 851 1038 909 anima
1062 849 1399 911 caluerunt
1423 868 1530 911 mo
1554 851 1636 910 lia
1657 872 1833 931 saxa,

207 935 312 1000 '70
379 929 701 1012 Quicquid
753 946 949 1011 agunt
995 930 1288 992 homines
1311 977 1328 1005 ‚
1384 947 1600 993 votum
1624 976 1642 1005 ‚
1694 934 1886 992 timor
1913 977 1940 1009 ,
1989 931 2107 992 ira
2131 978 2158 1007 ‚

362 1082 369 1089 ἢ
534 1009 818 1089 voluptas
837 1057 857 1081 ,
1062 1056 1065 1057 ν
2115 1033 2132 1043 ·

372 1089 654 1164 Gaudia,
690 1089 1033 1164 discursus,
1069 1092 1272 1167 nostri
1305 1103 1398 1151 est
1431 1088 1681 1171 farrago
1717 1090 1932 1153 libelli.

361 1253 489 1319 ficio
526 1252 828 1316 elaborata,
875 1264 939 1307 et.
971 1254 1140 1321 signis
1180 1254 1384 1306 coelatis
1415 1271 1617 1321 aspera.
1668 1254 1843 1319 Quem
1878 1271 1990 1304 non
2034 1258 2150 1307 im·

366 1316 530 1384 pellit
567 1317 643 1367 ad
678 1318 1012 1368 scribendam
1042 1319 1261 1369 satiram
1280 1351 1297 1378 ,
1322 1322 1628 1385 excitatque
1645 1329 1807 1386 pater
1827 1318 1943 1385 filit
1977 1337 2145 1371 uxo-

374 1397 484 1431 rem
519 1382 596 1432 ad
619 1383 793 1431 scelus
814 1384 989 1458 pretio
1010 1385 1365 1449 pern-aliens,-
1396 1397 1600 1459 sponsae
1630 1383 1892 1434 amoribus
1929 1387 2146 1452 turpis·
2177 1406 2180 1407 ⁷

373 1446 524 1495 simis
573 1455 850 1497 aestuantzs
871 1482 888 1511 ,
913 1449 1073 1514 pueri
1104 1448 1382 1498 adulteriis
1411 1447 1681 1512 infames?
1717 1449 1775 1497 Si
1818 1449 1938 1515 quis
1961 1453 2144 1516 poe'ta

375 1520 535 1560 natus
563 1527 669 1560 non
703 1522 819 1572 est,
873 1512 975 1578 ipsi
1022 1523 1201 1562 tamen
1244 1515 1481 1565 carmina
1512 1511 1808 1577 indignatio
1842 1526 2141 1580 suggeret,

374 1574 567 1640 qualia
611 1573 711 1623 illa
741 1592 965 1651 cumque
999 1578 1110 1625 sint
1129 1610 1145 1639 ,
1180 1576 1473 1642 cujusmodi
1502 1576 1798 1627 scribuntur
1829 1594 1863 1626 a
1894 1594 1982 1627 me
1996 1611 2017 1638 ,
2037 1579 2147 1628 vel

376 1654 415 1686 a
457 1639 727 1687 Cluvieno.
773 1637 1054 1704 Quidquid
1093 1641 1382 1690 moliuntur
1427 1640 1664 1689 homines
1684 1673 1701 1702 ‚
1741 1657 1918 1691 eorum
1961 1653 2135 1702 vota,

373 1711 546 1765 metus
562 1736 580 1762 ‚
605 1703 682 1750 ira
699 1735 719 1760 ,
750 1703 874 1752 volu
914 1710 1077 1764 tates,
1096 1704 1298 1768 gaudia
1313 1704 1774 1765 ,‘concursaa³ones
1790 1722 1854 1754 ac
1871 1710 2096 1771 negotia
2118 1739 2138 1766 ‚

374 1781 450 1816 ex
482 1782 586 1841 quo
616 1772 844 1832 tempore
863 1720 1168 1818 §eucalion
1186 1802 1206 1828 ,
1243 1776 1556 1834 augescente
1584 1770 1848 1819 continuis
1868 1771 2135 1820 imbribus

372 1846 538 1893 mart,
561 1844 720 1896 supra
752 1832 1079 1882 Parnassum
1103 1835 1231 1881 navi
1254 1844 1335 1884 est
1361 1842 1596 1891 evectus,
1629 1844 1684 1883 et
1701 1833 1983 1900 Apollinis
2002 1853 2132 1884 ora·

374 1895 495 1944 culo
519 1897 785 1956 consulto,
811 1895 1019 1961 lapides
1043 1898 1113 1945 ab
1150 1905 1210 1947 eo
1240 1897 1456 1964 projecti
1478 1899 1672 1947 sensim
1694 1897 1999 1970 mollescere
2017 1899 2131 1950 ecb-

364 1970 567 2027 perunt
595 1978 615 2010 .·
648 1960 764 2011 hcec
794 1961 1014 2022 omnia,
1045 1963 1269 2029 inquam
1295 1995 1318 2023 ,
1350 1961 1473 2013 huic
1501 1961 1682 2013 libello
1715 1964 1992 2015 materiam
2031 1965 2130 2016 da-

370 2096 433 2140 et
461 2085 735 2155 splendida
757 2088 943 2142 domus
960 2124 978 2155 ,
999 2088 1209 2158 qualem
1274 2088 1419 2159 juge,
1441 2105 1506 2139 ex
1520 2089 1664 2140 omni
1688 2087 1959 2138 hominum
1984 2090 2127 2139 mul-

370 2149 574 2204 Praetor
604 2153 783 2203 habet.
1275 2152 1499 2204 titudine
1511 2187 1527 2217 ,
1540 2153 1774 2205 servatis.
1789 2153 1894 2219 Qui
1911 2153 1968 2203 in
1986 2154 2120 2204 Par-

437 2217 519 2266 62.
546 2218 791 2292 Captum.
814 2216 991 2293 Sculpi
1006 2218 1214 2278 solebat
1274 2233 1485 2267 nassum
1507 2229 1740 2267 montem
1765 2217 2004 2270 navicula
2024 2218 2123 2268 de·
2147 2255 2152 2260 ἢ

330 2317 340 2326 .
370 2279 429 2329 in
445 2281 649 2347 pocuhs
669 2298 844 2348 caper,
867 2282 1063 2331 animal
1085 2284 1210 2338 Bac·
1271 2279 1364 2331 lati
1379 2315 1395 2344 ,
1412 2280 1504 2330 ubi
1559 2281 1743 2330 timum
1769 2298 1918 2350 aquae
1930 2282 2122 2334 subseq

371 2345 475 2394 ch'o
495 2344 717 2394 invisum
737 2379 753 2408 ,
770 2344 892 2411 quia
908 2345 1039 2396 vites
1064 2362 1207 2396 arro-
1275 2347 1462 2396 derunt
1480 2379 1496 2410 ,
1581 2345 1806 2396 hemidis
1844 2347 2113 2400 oraculum

371 2406 469 2457 dit.
483 2408 690 2476 Fig‘urae
708 2424 864 2475 porro
882 2410 1101 2484 caelatae,
1118 2427 1209 2460 ex-

368 2482 453 2522 tra
472 2488 596 2523 vasa
614 2484 794 2522 extant
814 2485 1047 2523 eminent
1082 2490 1168 2525 ue.

436 2535 521 2600 64.
558 2537 940 2587 Praetextatus.
988 2537 1054 2586 In
1092 2549 1211 2588 utus

369 2603 644 2669 praetexta.
670 2601 796 2651 Erat
818 2600 916 2664 ‘ina
942 2602 1099 2652 vestis
1123 2618 1207 2652 or-

370 2676 495 2714 nata
521 2663 690 2715 limbo
714 2682 976 2733 purpmeo
1002 2701 1019 2731 ,
1051 2683 1209 2734 quarn

368 2728 523 2796 pueri
544 2730 821 2797 gestabant
850 2746 1015 2797 usque
1035 2731 1100 2781 ad
1123 2748 1210 2781 an-

369 2808 499 2841 num
525 2808 616 2858 17,
650 2811 756 2861 quo
791 2806 971 2865 togam
1003 2795 1208 2847 virilem

369 2856 668 2910 sumebant.
1028 2883 1031 2886 ι

435 2924 520 2989 ⁶7·
537 2921 863 2982 Deucalion.
904 2922 1208 2974 Promethei

369 2981 509 3036 filius
529 3020 545 3048 ,
586 2984 963 3036 Thessalorum
994 3003 1085 3041 rex
1104 3021 1119 3050 ‚
1151 2988 1207 3038 in

372 3047 597 3101 Graecia.
617 3050 698 3099 Eo
715 3063 966 3126 regnante
985 3051 1124 3112 comi
1168 3052 1181 3063 ⁰

366 3112 599 3166 immane
623 3113 893 3167 diluvium.
916 3115 1100 3166 Deuca
1119 3131 1200 3166 10·-

366 3194 436 3228 ne
480 3180 597 3248 ipso
632 3178 833 3230 tantum
870 3215 886 3244 ,
931 3192 989 3230 nt
1029 3181 1205 3247 po‘e'tae

364 3239 573 3313 fingunt
592 3277 612 3313 ‚
632 3254 686 3296 et
715 3239 914 3312 Pyrrha
933 3245 1045 3312 eius
1076 3260 1224 3299 con··

1276 2409 1581 2460 consuluere
1596 2443 1612 2474 ,
1637 2412 1738 2477 qua
1757 2409 1959 2460 ratione
1987 2427 2115 2485 Pm?

1257 2474 1356 2523 'set
1373 2473 1659 2524 humanum
1682 2490 1849 2545 genus
1861 2490 2116 2541 reparant

1273 2538 1402 2602 jussi
1414 2549 1534 2587 sunt
1551 2555 1759 2608 magnae
1777 2538 1956 2589 matris
1968 2555 2114 2601 ossa,

1274 2601 1521 2652 nimirum
1556 2614 1711 2653 terrae
1739 2602 1938 2670 lapides
1953 2637 1969 2666 ‚
1988 2613 2110 2670 post
2185 2643 2192 2648 .

1273 2676 1478 2734 tergum
1491 2665 1683 2732 jactare
1698 2682 1711 2714 t
1729 2681 1853 2716 saxa
1863 2666 1919 2723 in
1932 2666 2108 2716 homi·

1274 2746 1368 2780 nes
1386 2730 1638 2783 continuo
1653 2741 1868 2782 mutata.
1884 2730 2037 2785 ovid.
2054 2732 2102 2780 1.

1273 2795 1497 2846 Metam.
2105 2820 2114 2828 ·

1334 2859 1418 2911 68.
1453 2861 1642 2911 Sortes.
1669 2859 1897 2911 oracula
1912 2859 2100 2909 sic-vo-

1271 2936 1453 2973 cantur
1475 2958 1493 2988 ,
1514 2925 1600 2974 vel
1634 2926 1759 2991 quia
1791 2923 1899 2973 fere
1936 2923 2107 2974 ductis-

1269 2988 1495 3039 sortibus
1519 2988 1808 3039 edebantur
1831 3005 1845 3047 ;
1881 2987 1963 3039 vel
1980 2985 2099 3055 quia

1474 3051 1527 3102 ui
1564 3069 1632 3103 ue
1664 3063 1856 3103 sortem
1875 3087 1893 3114 ,
1920 3052 1993 3102 rei
2009 3068 2096 3101 cu-

1266 3066 1743 3184 ίιιὲᾛξΔἿ-Μ,
1760 3116 2077 3167 denuntiant.

1331 3199 1416 3247 7¹·
1467 3181 1722 3257 Farrago.
1774 3179 1986 3256 Proprie
2018 3187 2095 3230 est

1270 3260 1481 3304 acervus
1525 3244 1676 3300 farm
1696 3281 1719 3315 ,
1756 3256 1810 3299 et
1842 3256 2092 3305 vanorum
