2272 3937
504 186 1014 305 §Arias

1093 216 1630 304 ·rERTiA.
1805 236 1928 324 3ss

201 339 363 400 Scire
397 342 616 401 eratin
641 356 823 414 νικος
851 341 1155 403 damnosa
1182 339 1481 405 Canicula
1508 330 1819 422 quantum

198 420 492 490 Raderet3
525 442 600 480 an
649 437 798 480 ustae
821 421 989 482 collo
1016 442 1147 480 non
1175 420 1378 482 fallier
1403 441 1568 481 orcae
1593 443 1607 479 ε
1655 473 1662 478 .

198 502 339 560 Neu
367 503 501 582 quis
534 522 606 560 ca
632 502 816 560 lidior
839 500 1079 560 buxum
1112 516 1214 561 tor
1259 522 1411 561 uere
1441 494 1708 582 flagello.

1902 518 1945 563 0

198 579 380 638 Haud
412 580 518 655 tibi
543 583 942 660 inexpertum
978 601 1205 640 curvos
1281 581 1634 660 eprendere
1662 600 1869 641 mores

198 659 476 740 Quaeque
501 659 696 720 docet
724 663 965 740 sapiens
989 707 1005 730 ,
1036 659 1336 726 braccatis
1362 660 1516 720 illita
1540 661 1748 720 Medis

193 739 473 798 Porticus
496 760 509 808 ;
548 741 849 800 insomnis
877 740 1103 821 quibus
1129 755 1194 800 et
1221 740 1487 800 detonsa
1514 743 1804 815 juventus

192 818 495 905 Invigilat,
523 818 755 900 siliquis
784 832 848 880 et
874 819 1095 901 grandi
1116 835 1295 901 pasta
1318 819 1596 901 polenta,

191 940 316 988 scire
343 972 362 998 ,
398 938 533 1005 quid
552 939 702 1004 felia:
739 938 836 989 ille
869 938 1138 1004 jactus’in
1175 938 1299 988 alea
1326 974 1342 1000 ,
1422 940 1477 987 ui
1513 941 1660 989 senio
1698 939 1931 999 dicitur,

180 1004 343 1068 ferret
377 1004 509 1052 lucri
548 1022 567 1052 .-
605 1005 738 1070 quid
776 1005 1077 1054 detrimenti
1110 1001 1328 1067 afferret
1366 1003 1463 1052 ile
1493 1039 1510 1065 ,
1549 1001 1931 1070 quiscanicula

192 1077 435 1125 vocatur,
483 1078 538 1118 et
572 1079 833 1134 quantum
877 1068 942 1118 de
978 1069 1206 1118 nummis
1237 1068 1484 1134 depositt's
1521 1069 1597 1118 eri
1633 1079 1741 1118 eret
1776 1086 1795 1115 .·
1825 1078 1931 1133 quo

183 1132 338 1198 pacto
366 1132 422 1180 in
442 1148 618 1182 arcam
637 1133 903 1197 jaciendoe
928 1149 1087 1183 nuces
1106 1143 1307 1189 essent,
1345 1133 1419 1181 ita
1442 1142 1502 1181 ut
1528 1149 1561 1180 a
1619 1149 1705 1181 ore
1725 1131 1931 1181 vasculi

193 1212 296 1244 non
320 1197 616 1245 aber-mrem
629 1214 649 1254 ;
688 1213 755 1246 ne
775 1199 895 1263 quis
913 1197 1173 1247 turbinem
1200 1196 1430 1262 bzqoeeum
1456 1195 1702 1246 calliditas
1725 1211 1807 1244 me
1826 1206 1926 1245 tor-

189 1271 370 1327 queret
420 1261 544 1309 loro.
592 1261 790 1312 Verum
838 1271 894 1310 tu
940 1278 1046 1310 non
1083 1264 1150 1309 ed
1186 1260 1502 1324 jam,aetate
1538 1277 1626 1322 es,
1664 1263 1774 1326 qud
1800 1271 1927 1310 tunc

189 1340 330 1373 eram
352 1342 370 1372 .·
392 1325 629 1388 ignotum
670 1324 762 1372 tibi
793 1340 900 1371 non
936 1334 1015 1373 est

158 1390 166 1400 '
191 1397 383 1441 rectum
410 1389 481 1436 sit
514 1404 532 1433 .·
571 1388 704 1434 710in
725 1400 972 1451 quaenam

1083 1325 1185 1382 uid,
1201 1326 1258 1372 in
1279 1325 1502 1374 moribus
1522 1340 1731 1372 curvum
1746 1358 1760 1386 ‚
1792 1323 1930 1390 quid

1075 1387 1296 1453 ilosoplzi
1316 1387 1476 1436 Stoici
1508 1387 1734 1437 doceant
1754 1389 1813 1437 in
1831 1404 1928 1437 sua

167 1452 385 1517 -porlica
405 1484 420 1511 ‚
461 1452 650 1498 ornata
674 1451 830 1515 pictis
868 1404 1114 1511 ιαόεῆἰε,
1149 1466 1363 1516 pugnas
1396 1450 1672 1500 Persarum
1715 1462 1770 1501 et
1800 1451 1927 1500 Me-

190 1516 382 1564 dorum
404 1531 523 1562 cum
556 1515 752 1562 Groecis
785 1513 1184 1575 eoelzibentibus,
1225 1528 1347 1578 quae
1359 1513 1572 1578 juvenes
1582 1513 1952 1580 philosophice·

107 1630 110 1637 s
188 1579 444 1638 studiosi,
478 1594 655 1626 somno
688 1588 889 1627 utentes
915 1578 1255 1652 parcissimo,
1292 1577 1515 1627 oleribus
1547 1595 1611 1627 ac
1655 1578 1784 1627 ›ulte
1806 1588 1928 1626 tan-

187 1646 298 1705 ιιὶιῃ
332 1652 635 1704 vescentes,
672 1652 727 1691 et
742 1643 899 1691 tonsis
918 1642 1107 1692 inculti
1132 1642 1340 1709 capillis
1348 1657 1593 1702 ,summo
1639 1641 1794 1691 abore
1809 1658 1930 1708 per·

186 1747 577 1798 infelicissimus
591 1781 607 1810 ‚
623 1749 711 1814 qui
731 1757 938 1797 notatas
957 1747 1027 1810 ja-

187 1813 361 1875 ciebat
378 1811 610 1882 singulas
625 1810 781 1861 unico
834 1823 992 1860 uncto
1007 1845 1023 1874 ,

188 1887 242 1926 et
276 1875 448 1939 caniS,
486 1892 581 1925 seu
614 1875 794 1926 canicu
818 1892 849 1925 a
867 1890 1023 1926 voca-

185 1940 399 1991 bantur.
1024 1959 1027 1962 ·

185 2029 188 2030 ⁷
247 2006 331 2055 50.
353 2004 673 2055 Orcoe.0rca
683 2002 842 2053 fictile
851 2019 1028 2054 vascu-

187 2068 296 2118 lum
306 2081 416 2119 erat
424 2080 647 2137 angusto
656 2067 811 2130 colle,
824 2068 879 2117 in
887 2070 1029 2134 quod

185 2135 337 2200 pueri
370 2128 526 2183 nuce‘s
560 2131 940 2245 conficiebanu
977 2143 1030 2182 et

185 2214 537 2265 quascumque
556 2198 614 2245 in
636 2198 651 2245 i
677 2196 765 2245 lud
790 2197 1026 2261 conjece-

185 2274 393 2325 ceram,
424 2255 691 2327 tamquam
722 2276 841 2310 suas
872 2259 1026 2309 tolle-

185 2324 335 2387 baur,
346 2342 470 2401 quas
482 2325 605 2375 verb
622 2335 765 2375 extra
777 2340 867 2394 vas
883 2323 1029 2375 abire

184 2391 494 2459 contigisset
512 2424 527 2451 ,
551 2406 639 2439 eas
665 2389 992 2438 amittebant.

248 2455 333 2504 51.
395 2457 629 2504 Buasum.
684 2452 954 2502 Trochum
979 2465 1028 2500 ‘e

181 2518 351 2567 buxo.
389 2518 602 2567 Tertius
640 2528 718 2586 es}
786 2531 1027 2566 uerorum

169 2581 342 2644 judas
356 2616 370 2642 ,
410 2598 562 2647 quem
585 2534 826 2631 descriBit
845 2579 1025 2649 Virgi-

182 2645 319 2705 lius,
347 2645 485 2694 AEn.
505 2644 648 2705 V.11·,
683 2655 736 2693 et
762 2653 911 2694 vocat
934 2660 1023 2693 vo-

187 2710 361 2759 lubile
377 2710 604 2766 humum.
875 2753 878 2754 γ

255 2772 348 2822 53.’
363 2769 603 2846 Quaeque
612 2770 778 2827 docet,
792 2782 887 2821 etc.
900 2768 1026 2820 Non

186 2848 272 2887 est
308 2836 403 2886 tib1
433 2837 672 2904 ignotum
696 2833 819 2907 quid
844 2834 1031 2888 doceat

183 2902 423 2970 porticus
446 2900 653 2965 sapiens
670 2932 684 2958 ‚
705 2900 761 2947 zd
774 2908 853 2946 est
865 2931 879 2959 ‚
897 2897 1030 2947 Sto'i-

184 2982 369 3015 corum
389 2962 751 3028 Philosophia.
778 2960 1028 3029 Chrysip-

183 3046 319 3098 pus,
344 3041 395 3078 et
414 3031 559 3076 Zeno
576 3061 590 3088 ,
615 3025 910 3075 Stoicorum
936 3042 1027 3074 an-

183 3094 383 3143 tistites
399 3127 414 3154 ‚
437 3091 697 3140 docebant
717 3091 772 3138 in
834 3091 997 3140 orticu
1012 3124 1029 3152 ,

115 3198 126 3206 x
183 3173 313 3226 quae
353 3154 537 3206 Graece
556 3190 574 3218 ‚
623 3156 746 3204 Stoa
825 3152 975 3203 icittu·
1013 3169 1025 3201 ε

181 3221 334 3269 unde
363 3220 514 3285 hujus
542 3229 697 3268 sectae
726 3215 1031 3298 Rhilosophi

184 3284 361 3337 Sto'i'ci
377 3295 498 3336 sunt
514 3282 779 3352 appellati.

492 3522 509 3578 Ι

1174 1748 1461 1798 Braccatir.
1504 1749 1710 1798 Braccae
1754 1752 1930 1796 autem

1092 1822 1213 1861 sunt
1229 1811 1501 1862 femoralia
1520 1812 1762 1882 longiora
1776 1846 1792 1874 ,
1806 1811 1928 1879 'qui-

1091 1875 1191 1925 bus
1216 1878 1366 1927 Medi
1387 1877 1681 1926 utebantur.

1156 1939 1327 1991 Illita.
1365 1940 1510 1990 Picta
1529 1974 1544 2004 ,
1582 1940 1844 1990 coloribus
1877 1952 1932 1991 et

1091 2003 1301 2055 tabellis
1323 2003 1511 2055 referta
1533 2038 1548 2067 ,
1572 2005 1626 2053 iu
1647 2004 1832 2071 quibus
1850 2005 1929 2054 vi·

1094 2079 1276 2117 suntur
1294 2068 1480 2131 Medi,
1515 2080 1568 2117 et
1602 2068 1775 2117 Persae
1792 2103 1810 2131 ‚
1832 2085 1930 2136 pu-

1092 2144 1314 2196 gnantes
1342 2149 1462 2182 cum
1485 2132 1894 2183 Atheniensibus
1912 2165 1932 2198 ,

1094 2205 1148 2243 et
1168 2196 1234 2244 ab
1257 2195 1321 2246 iis
1341 2197 1482 2247 victi.

1131 2259 1240 2323 ,54-
1302 2263 1566 2310 Detonsa.
1623 2258 1789 2309 Sto'ici
1840 2274 1929 2309 co-

1092 2339 1234 2372 mam
1261 2339 1368 2373 non
1397 2324 1627 2374 alebant.
1710 2323 1813 2373 uod
1839 2339 1931 2372 ex·

1129 2387 1267 2437 resse
1305 2400 1453 2437 notat
1485 2390 1521 2439 J
1525 2403 1688 2436 uvena
1711 2387 1756 2436 is
1779 2421 1796 2449 ,
1820 2387 1929 2437 Sat.

1122 2453 1149 2499 Ι
1167 2484 1183 2511 ,
1216 2451 1308 2501 ubi
1338 2452 1499 2503 habet
1526 2468 1539 2499 ι
1567 2454 1745 2512 Rarus
1763 2468 1932 2501 sermo

1092 2515 1200 2565 illis
1228 2548 1242 2574 ‚
1295 2527 1349 2567 et
1397 2532 1596 2582 magna
1637 2514 1801 2564 libido
1849 2525 1931 2564 ta·

1093 2579 1281 2653 cendi,
1314 2591 1475 2647 atque
1509 2581 1780 2646 supercilio
1804 2577 1929 2629 'bre-

1096 2661 1205 2693 νιοι·
1218 2660 1386 2692 coma.

1156 2707 1240 2761 55.
1278 2707 1512 2780 Siliquis.
1549 2704 1764 2773 Siliquae
1810 2719 1941 2758 sunt

1093 2770 1420 2841 leguminum
1446 2771 1635 2820 tunicae
1657 2782 1711 2819 et
1730 2769 1933 2820 follicu-

1092 2834 1131 2884 li
1161 2859 1174 2885 ε
1206 2835 1291 2885 hic
1313 2852 1408 2902 pro
1461 2833 1686 2908 zcilgusvis
1705 2823 1932 2890 oleribus

1093 2911 1356 2965 ponuntur
1381 2916 1395 2949 z
1476 2909 1598 2947 tomi
1633 2899 1772 2947 enim
1819 2914 1932 2948 car·-

1093 2963 1251 3012 nibus
1271 2961 1380 3012 fere
1405 2961 1753 3012 abstinebant.
1775 2962 1936 3026 Quod

1094 3027 1240 3086 addit
1261 3027 1467 3076 Persius
1484 3058 1499 3087 ,
1516 3033 1519 3035 ’
1534 3026 1729 3092 grandi
1744 3027 1933 3091 polen-

1092 3093 1150 3140 td
1169 3125 1183 3153 ,
1228 3091 1391 3140 virum
1424 3099 1580 3139 'notat
1614 3091 1889 3139 robustum
1910 3124 1932 3153 ‚

1094 3153 1319 3221 fortique
1344 3153 1614 3204 stomacho
1637 3152 1895 3203 valentem
1913 3188 1930 3216 ,

1095 3217 1186 3284 qui
1207 3218 1426 3268 multum
1447 3217 1597 3285 panis
1620 3217 1834 3266 devoret
1851 3233 1937 3265 so-

1093 3281 1365 3336 lummodo
1380 3316 1397 3349 ,
1433 3273 1602 3335 nullas
1625 3290 1799 3333 autem
1819 3296 1932 3352 carf

1947 417 2028 480 50

1898 776 2055 872 ss
